@article{Deutsch:1991,
  title = {Quantum statistical mechanics in a closed system},
  author = {Deutsch, J. M.},
  journal = {Phys. Rev. A},
  volume = {43},
  issue = {4},
  pages = {2046--2049},
  numpages = {0},
  year = {1991},
  month = {Feb},
  publisher = {American Physical Society},
  doi = {10.1103/PhysRevA.43.2046},
  url = {https://link.aps.org/doi/10.1103/PhysRevA.43.2046}
}

@article{Srednicki:1994,
   title={Chaos and quantum thermalization},
   volume={50},
   ISSN={1095-3787},
   url={http://dx.doi.org/10.1103/PhysRevE.50.888},
   DOI={10.1103/physreve.50.888},
   number={2},
   journal={Physical Review E},
   publisher={American Physical Society (APS)},
   author={Srednicki, Mark},
   year={1994},
   month={Aug},
   pages={888–901},
   eprint={9403051},
   archivePrefix={arXiv},
   primaryClass={cond-mat}
}

@article{lashkari2016eigenstate,
      title={Eigenstate Thermalization Hypothesis in Conformal Field Theory},
      author={Nima Lashkari and Anatoly Dymarsky and Hong Liu},
      year={2016},
      eprint={1610.00302},
      archivePrefix={arXiv},
      primaryClass={hep-th}
}

@article{kastoryano2016quantum,
      title={Quantum Gibbs Samplers: the commuting case},
      author={Michael J. Kastoryano and Fernando G. S. L. Brandao},
      year={2016},
      eprint={1409.3435},
      archivePrefix={arXiv},
      primaryClass={quant-ph}
}

@article{chen2017computational,
      title={Computational Notions of Quantum Min-Entropy}, 
      author={Yi-Hsiu Chen and Kai-Min Chung and Ching-Yi Lai and Salil P. Vadhan and Xiaodi Wu},
      year={2017},
      eprint={1704.07309},
      archivePrefix={arXiv},
      primaryClass={cs.CR}
}

@article{Kos_2018,
   title={Many-Body Quantum Chaos: Analytic Connection to Random Matrix Theory},
   volume={8},
   ISSN={2160-3308},
   url={http://dx.doi.org/10.1103/PhysRevX.8.021062},
   DOI={10.1103/physrevx.8.021062},
   number={2},
   journal={Physical Review X},
   publisher={American Physical Society (APS)},
   author={Kos, Pavel and Ljubotina, Marko and Prosen, Tomaž},
   year={2018},
   month={Jun}
}

@article{Liu_2018,
   title={Generalized Entanglement Entropies of Quantum Designs},
   volume={120},
   ISSN={1079-7114},
   url={http://dx.doi.org/10.1103/PhysRevLett.120.130502},
   DOI={10.1103/physrevlett.120.130502},
   number={13},
   journal={Physical Review Letters},
   publisher={American Physical Society (APS)},
   author={Liu, Zi-Wen and Lloyd, Seth and Zhu, Elton Yechao and Zhu, Huangjun},
   year={2018},
   month={Mar}
}

@article{Zhou_2019,
   title={Emergent statistical mechanics of entanglement in random unitary circuits},
   volume={99},
   ISSN={2469-9969},
   url={http://dx.doi.org/10.1103/PhysRevB.99.174205},
   DOI={10.1103/physrevb.99.174205},
   number={17},
   journal={Physical Review B},
   publisher={American Physical Society (APS)},
   author={Zhou, Tianci and Nahum, Adam},
   year={2019},
   month={May},
   eprint={1804.09737},
   archivePrefix={arXiv},
}

@InProceedings{Zhengfeng:2020,
author="Ji, Zhengfeng
and Liu, Yi-Kai
and Song, Fang",
editor="Shacham, Hovav
and Boldyreva, Alexandra",
title="Pseudorandom Quantum States",
booktitle="Advances in Cryptology -- CRYPTO 2018",
year="2018",
eprint={1711.00385},
archivePrefix={arXiv},
primaryClass   = {quant-ph},
publisher="Springer International Publishing",
address="Cham",
pages="126--152",
abstract="We propose the concept of pseudorandom quantum states, which appear random to any quantum polynomial-time adversary. It offers a computational approximation to perfectly random quantum states analogous in spirit to cryptographic pseudorandom generators, as opposed to statistical notions of quantum pseudorandomness that have been studied previously, such as quantum t-designs analogous to t-wise independent distributions.",
isbn="978-3-319-96878-0"
}

@article{Kim_2020,
   title={The ghost in the radiation: robust encodings of the black hole interior},
   volume={2020},
   ISSN={1029-8479},
   url={http://dx.doi.org/10.1007/JHEP06(2020)031},
   DOI={10.1007/jhep06(2020)031},
   number={6},
   journal={Journal of High Energy Physics},
   publisher={Springer Science and Business Media LLC},
   author={Kim, Isaac and Tang, Eugene and Preskill, John},
   year={2020},
   month={Jun},
   eprint={2003.05451},
   archivePrefix={arXiv},
   primaryClass={hep-th}
}

@article{Liu_2021,
   title={Entanglement Entropies of Equilibrated Pure States in Quantum Many-Body Systems and Gravity},
   volume={2},
   ISSN={2691-3399},
   url={http://dx.doi.org/10.1103/PRXQuantum.2.010344},
   DOI={10.1103/prxquantum.2.010344},
   eprint={2008.01089},
   archivePrefix={arXiv},
   primaryClass={hep-th},
   number={1},
   journal={PRX Quantum},
   publisher={American Physical Society (APS)},
   author={Liu, Hong and Vardhan, Shreya},
   year={2021},
   month={Mar}
}

@article{Huang_2021,
      title={Entanglement Dynamics from Random Product States at Long Times}, 
      author={Yichen Huang},
      year={2021},
      eprint={2102.07584},
      primaryClass={hep-th},
      archivePrefix={arXiv},
      primaryClass={quant-ph}
}


%%%%%%%%%%% Reading: %%%%%%%%%%%
@misc{choi2021emergent,
      title={Emergent Randomness and Benchmarking from Many-Body Quantum Chaos}, 
      author={Joonhee Choi and Adam L. Shaw and Ivaylo S. Madjarov and Xin Xie and Jacob P. Covey and Jordan S. Cotler and Daniel K. Mark and Hsin-Yuan Huang and Anant Kale and Hannes Pichler and Fernando G. S. L. Brandão and Soonwon Choi and Manuel Endres},
      year={2021},
      eprint={2103.03535},
      archivePrefix={arXiv},
      primaryClass={quant-ph}
}

@misc{cotler2021emergent,
      title={Emergent quantum state designs from individual many-body wavefunctions}, 
      author={Jordan S. Cotler and Daniel K. Mark and Hsin-Yuan Huang and Felipe Hernandez and Joonhee Choi and Adam L. Shaw and Manuel Endres and Soonwon Choi},
      year={2021},
      eprint={2103.03536},
      archivePrefix={arXiv},
      primaryClass={quant-ph}
}
