@article{DHondt:2018cww,
      author         = "D'Hondt, Jorgen and Mariotti, Alberto and Mimasu, Ken and
                        Moortgat, Seth and Zhang, Cen",
      title          = "{Learning to pinpoint effective operators at the LHC: a
                        study of the $t\bar{t}b\bar{b}$ signature}",
      year           = "2018",
      eprint         = "1807.02130",
      archivePrefix  = "arXiv",
      primaryClass   = "hep-ph",
      reportNumber   = "CP3-18-42",
      SLACcitation   = "%%CITATION = ARXIV:1807.02130;%%"
}

@article{Guo:2018hbv,
      author         = "Guo, Jun and Li, Jinmian and Li, Tianjun and Xu, Fangzhou
                        and Zhang, Wenxing",
      title          = "{Deep learning for the R-parity violating supersymmetry
                        searches at the LHC}",
      year           = "2018",
      eprint         = "1805.10730",
      archivePrefix  = "arXiv",
      primaryClass   = "hep-ph",
      SLACcitation   = "%%CITATION = ARXIV:1805.10730;%%"
}

@article{Abdughani:2018wrw,
      author         = "Abdughani, Murat and Ren, Jie and Wu, Lei and Yang, Jin
                        Min",
      title          = "{Probing stop with graph neural network at the LHC}",
      year           = "2018",
      eprint         = "1807.09088",
      archivePrefix  = "arXiv",
      primaryClass   = "hep-ph",
      SLACcitation   = "%%CITATION = ARXIV:1807.09088;%%"
}

@article{Larkoski:2014uqa,
      author         = "Larkoski, Andrew J. and Neill, Duff and Thaler, Jesse",
      title          = "{Jet Shapes with the Broadening Axis}",
      journal        = "JHEP",
      volume         = "04",
      year           = "2014",
      pages          = "017",
      doi            = "10.1007/JHEP04(2014)017",
      eprint         = "1401.2158",
      archivePrefix  = "arXiv",
      primaryClass   = "hep-ph",
      reportNumber   = "MIT--CTP-4512",
      SLACcitation   = "%%CITATION = ARXIV:1401.2158;%%"
}

@article{Larkoski:2013paa,
      author         = "Larkoski, Andrew J. and Thaler, Jesse",
      title          = "{Unsafe but Calculable: Ratios of Angularities in
                        Perturbative QCD}",
      journal        = "JHEP",
      volume         = "09",
      year           = "2013",
      pages          = "137",
      doi            = "10.1007/JHEP09(2013)137",
      eprint         = "1307.1699",
      archivePrefix  = "arXiv",
      primaryClass   = "hep-ph",
      reportNumber   = "MIT-CTP-4472, MIT--CTP-4472",
      SLACcitation   = "%%CITATION = ARXIV:1307.1699;%%"
}

@article{Larkoski:2015lea,
      author         = "Larkoski, Andrew J. and Marzani, Simone and Thaler,
                        Jesse",
      title          = "{Sudakov Safety in Perturbative QCD}",
      journal        = "Phys. Rev.",
      volume         = "D91",
      year           = "2015",
      number         = "11",
      pages          = "111501",
      doi            = "10.1103/PhysRevD.91.111501",
      eprint         = "1502.01719",
      archivePrefix  = "arXiv",
      primaryClass   = "hep-ph",
      reportNumber   = "MIT-CTP-4638",
      SLACcitation   = "%%CITATION = ARXIV:1502.01719;%%"
}


@article{Lai:2018ixk,
      author         = "Lai, Yue Shi",
      title          = "{Automated Discovery of Jet Substructure Analyses}",
      year           = "2018",
      eprint         = "1810.00835",
      archivePrefix  = "arXiv",
      primaryClass   = "nucl-th",
      SLACcitation   = "%%CITATION = ARXIV:1810.00835;%%"
}

@article{Likhomanenko:2015aba,
      author         = "Likhomanenko, Tatiana and Ilten, Philip and Khairullin,
                        Egor and Rogozhnikov, Alex and Ustyuzhanin, Andrey and
                        Williams, Michael",
      title          = "{LHCb Topological Trigger Reoptimization}",
      booktitle      = "{Proceedings, 21st International Conference on Computing
                        in High Energy and Nuclear Physics (CHEP 2015): Okinawa,
                        Japan, April 13-17, 2015}",
      journal        = "J. Phys. Conf. Ser.",
      volume         = "664",
      year           = "2015",
      number         = "8",
      pages          = "082025",
      doi            = "10.1088/1742-6596/664/8/082025",
      eprint         = "1510.00572",
      archivePrefix  = "arXiv",
      primaryClass   = "physics.ins-det",
      SLACcitation   = "%%CITATION = ARXIV:1510.00572;%%"
}

@article{Fox:1978vu,
      author         = "Fox, Geoffrey C. and Wolfram, Stephen",
      title          = "{Observables for the Analysis of Event Shapes in e+ e-
                        Annihilation and Other Processes}",
      journal        = "Phys. Rev. Lett.",
      volume         = "41",
      year           = "1978",
      pages          = "1581",
      doi            = "10.1103/PhysRevLett.41.1581",
      reportNumber   = "CALT-68-680",
      SLACcitation   = "%%CITATION = PRLTA,41,1581;%%"
}

@misc{fjcontrib,
	Howpublished = {\url{https://fastjet.hepforge.org/contrib/}},
	Title = {FastJet contrib}}
	
@misc{energyflow,
	Howpublished = {\url{https://energyflow.network}},
	Title = {{EnergyFlow}}}

@article{Nilles:1980ys,
	Author = {Nilles, Hans Peter and Streng, K. H.},
	Doi = {10.1103/PhysRevD.23.1944},
	Journal = {Phys. Rev.},
	Pages = {1944},
	Reportnumber = {SLAC-PUB-2586},
	Slaccitation = {%%CITATION = PHRVA,D23,1944;%%},
	Title = {{Quark - Gluon Separation in Three Jet Events}},
	Volume = {D23},
	Year = {1981},
	Bdsk-Url-1 = {https://doi.org/10.1103/PhysRevD.23.1944}}

@article{Jones:1988ay,
	Author = {Jones, Lorella M.},
	Doi = {10.1103/PhysRevD.39.2550},
	Journal = {Phys. Rev.},
	Pages = {2550},
	Reportnumber = {UTHEP-189},
	Slaccitation = {%%CITATION = PHRVA,D39,2550;%%},
	Title = {{Tests for Determining the Parton Ancestor of a Hadron Jet}},
	Volume = {D39},
	Year = {1989},
	Bdsk-Url-1 = {https://doi.org/10.1103/PhysRevD.39.2550}}

@article{Jones:1990rz,
	Author = {Jones, Lorella},
	Doi = {10.1103/PhysRevD.42.811},
	Journal = {Phys. Rev.},
	Pages = {811-814},
	Reportnumber = {ILL-TH-90-01},
	Slaccitation = {%%CITATION = PHRVA,D42,811;%%},
	Title = {{Towards a Systematic Jet Classification}},
	Volume = {D42},
	Year = {1990},
	Bdsk-Url-1 = {https://doi.org/10.1103/PhysRevD.42.811}}

@article{Fodor:1989ir,
	Author = {Fodor, Z.},
	Doi = {10.1103/PhysRevD.41.1726},
	Journal = {Phys. Rev.},
	Pages = {1726},
	Reportnumber = {ITP-472-BUDAPEST},
	Slaccitation = {%%CITATION = PHRVA,D41,1726;%%},
	Title = {{How to See the Differences Between Quark and Gluon Jets}},
	Volume = {D41},
	Year = {1990},
	Bdsk-Url-1 = {https://doi.org/10.1103/PhysRevD.41.1726}}

@article{Barring:1997iwy,
	Author = {Barring, O. and Hedberg, V. and Transtromer, G.},
	Reportnumber = {DELPHI-97-143 PHYS 727},
	Slaccitation = {%%CITATION = DELPHI-97-143 PHYS 727;%%},
	Title = {{Test of artificial neural networks for quark/gluon jet classification on real data from the DELPHI detector}},
	Year = {1997}}

@article{Lonnblad:1990bi,
	Author = {Lonnblad, Leif and Peterson, Carsten and Rognvaldsson, Thorsteinn},
	Doi = {10.1103/PhysRevLett.65.1321},
	Journal = {Phys. Rev. Lett.},
	Pages = {1321-1324},
	Reportnumber = {LU-TP-90-3},
	Slaccitation = {%%CITATION = PRLTA,65,1321;%%},
	Title = {{Finding Gluon Jets With a Neural Trigger}},
	Volume = {65},
	Year = {1990},
	Bdsk-Url-1 = {https://doi.org/10.1103/PhysRevLett.65.1321}}

@article{Lonnblad:1990qp,
	Author = {Lonnblad, Leif and Peterson, Carsten and Rognvaldsson, Thorsteinn},
	Doi = {10.1016/0550-3213(91)90392-B},
	Journal = {Nucl. Phys.},
	Pages = {675-702},
	Reportnumber = {LU-TP-90-8},
	Slaccitation = {%%CITATION = NUPHA,B349,675;%%},
	Title = {{Using neural networks to identify jets}},
	Volume = {B349},
	Year = {1991},
	Bdsk-Url-1 = {https://doi.org/10.1016/0550-3213(91)90392-B}}

@article{Bhattacherjee:2015psa,
	Archiveprefix = {arXiv},
	Author = {Bhattacherjee, Biplob and Mukhopadhyay, Satyanarayan and Nojiri, Mihoko M. and Sakaki, Yasuhito and Webber, Bryan R.},
	Doi = {10.1007/JHEP04(2015)131},
	Eprint = {1501.04794},
	Journal = {JHEP},
	Pages = {131},
	Primaryclass = {hep-ph},
	Reportnumber = {CAVENDISH-HEP-15-01, KEK-TH-1790, IPMU15-0008},
	Slaccitation = {%%CITATION = ARXIV:1501.04794;%%},
	Title = {{Associated jet and subjet rates in light-quark and gluon jet discrimination}},
	Volume = {04},
	Year = {2015},
	Bdsk-Url-1 = {https://doi.org/10.1007/JHEP04(2015)131}}

@article{Davighi:2017hok,
	Archiveprefix = {arXiv},
	Author = {Davighi, Joe and Harris, Philip},
	Doi = {10.1140/epjc/s10052-018-5819-8},
	Eprint = {1703.00914},
	Journal = {Eur. Phys. J.},
	Number = {4},
	Pages = {334},
	Primaryclass = {hep-ph},
	Reportnumber = {DAMTP-2017-03-06},
	Slaccitation = {%%CITATION = ARXIV:1703.00914;%%},
	Title = {{Fractal based observables to probe jet substructure of quarks and gluons}},
	Volume = {C78},
	Year = {2018},
	Bdsk-Url-1 = {https://doi.org/10.1140/epjc/s10052-018-5819-8}}

@article{FerreiradeLima:2016gcz,
	Archiveprefix = {arXiv},
	Author = {Ferreira de Lima, Danilo and Petrov, Petar and Soper, Davison and Spannowsky, Michael},
	Doi = {10.1103/PhysRevD.95.034001},
	Eprint = {1607.06031},
	Journal = {Phys. Rev.},
	Number = {3},
	Pages = {034001},
	Primaryclass = {hep-ph},
	Reportnumber = {DCPT-16-140, IPPP-16-70},
	Slaccitation = {%%CITATION = ARXIV:1607.06031;%%},
	Title = {{Quark-Gluon tagging with Shower Deconstruction: Unearthing dark matter and Higgs couplings}},
	Volume = {D95},
	Year = {2017},
	Bdsk-Url-1 = {https://doi.org/10.1103/PhysRevD.95.034001}}


@article{Bhattacherjee:2016bpy,
	Archiveprefix = {arXiv},
	Author = {Bhattacherjee, Biplob and Mukhopadhyay, Satyanarayan and Nojiri, Mihoko M. and Sakaki, Yasuhito and Webber, Bryan R.},
	Doi = {10.1007/JHEP01(2017)044},
	Eprint = {1609.08781},
	Journal = {JHEP},
	Pages = {044},
	Primaryclass = {hep-ph},
	Reportnumber = {CAVENDISH-HEP-16-16, KEK-TH-1936, PITT-PACC-1609, IPMU16-0146},
	Slaccitation = {%%CITATION = ARXIV:1609.08781;%%},
	Title = {{Quark-gluon discrimination in the search for gluino pair production at the LHC}},
	Volume = {01},
	Year = {2017},
	Bdsk-Url-1 = {https://doi.org/10.1007/JHEP01(2017)044}}

@article{Sakaki:2018opq,
	Archiveprefix = {arXiv},
	Author = {Sakaki, Yasuhito},
	Eprint = {1807.01421},
	Primaryclass = {hep-ph},
	Slaccitation = {%%CITATION = ARXIV:1807.01421;%%},
	Title = {{Quark jet rates and quark/gluon discrimination in multi-jet final states}},
	Year = {2018}}



% BOOST reports
% 2010
@article{Abdesselam:2010pt,
      author         = "Abdesselam, A. and others",
      title          = "{Boosted objects: A Probe of beyond the Standard Model
                        physics}",
      booktitle      = "{Boost 2010 Oxford, United Kingdom, June 22-25, 2010}",
      journal        = "Eur. Phys. J.",
      volume         = "C71",
      year           = "2011",
      pages          = "1661",
      doi            = "10.1140/epjc/s10052-011-1661-y",
      eprint         = "1012.5412",
      archivePrefix  = "arXiv",
      primaryClass   = "hep-ph",
      reportNumber   = "SLAC-PUB-15081, FERMILAB-PUB-10-617-CMS",
      SLACcitation   = "%%CITATION = ARXIV:1012.5412;%%"
}

% 2011
@article{Altheimer:2012mn,
      author         = "Altheimer, A. and others",
      title          = "{Jet Substructure at the Tevatron and LHC: New results,
                        new tools, new benchmarks}",
      booktitle      = "{BOOST 2011 Princeton , NJ, USA, 22–26 May 2011}",
      journal        = "J. Phys.",
      volume         = "G39",
      year           = "2012",
      pages          = "063001",
      doi            = "10.1088/0954-3899/39/6/063001",
      eprint         = "1201.0008",
      archivePrefix  = "arXiv",
      primaryClass   = "hep-ph",
      reportNumber   = "SLAC-R-990, FERMILAB-PUB-12-897-T",
      SLACcitation   = "%%CITATION = ARXIV:1201.0008;%%"
}

% 2012
@article{Altheimer:2013yza,
      author         = "Altheimer, A. and others",
      title          = "{Boosted objects and jet substructure at the LHC. Report
                        of BOOST2012, held at IFIC Valencia, 23rd-27th of July
                        2012}",
      booktitle      = "{BOOST 2012 Valencia, Spain, July 23-27, 2012}",
      journal        = "Eur. Phys. J.",
      volume         = "C74",
      year           = "2014",
      number         = "3",
      pages          = "2792",
      doi            = "10.1140/epjc/s10052-014-2792-8",
      eprint         = "1311.2708",
      archivePrefix  = "arXiv",
      primaryClass   = "hep-ex",
      reportNumber   = "FERMILAB-PUB-13-669",
      SLACcitation   = "%%CITATION = ARXIV:1311.2708;%%"
}

% 2013
@article{Adams:2015hiv,
      author         = "Adams, D. and others",
      title          = "{Towards an Understanding of the Correlations in Jet
                        Substructure}",
      journal        = "Eur. Phys. J.",
      volume         = "C75",
      year           = "2015",
      number         = "9",
      pages          = "409",
      doi            = "10.1140/epjc/s10052-015-3587-2",
      eprint         = "1504.00679",
      archivePrefix  = "arXiv",
      primaryClass   = "hep-ph",
      reportNumber   = "FERMILAB-PUB-15-670-CMS, SLAC-PUB-16703",
      SLACcitation   = "%%CITATION = ARXIV:1504.00679;%%"
}




@article{Asquith:2018igt,
      author         = "Asquith, Lily and others",
      title          = "{Jet Substructure at the Large Hadron Collider :
                        Experimental Review}",
      year           = "2018",
      eprint         = "1803.06991",
      archivePrefix  = "arXiv",
      primaryClass   = "hep-ex",
      reportNumber   = "FERMILAB-PUB-18-123-PPD",
      SLACcitation   = "%%CITATION = ARXIV:1803.06991;%%"
}



@article{Procura:2018zpn,
      author         = "Procura, Massimiliano and Waalewijn, Wouter J. and Zeune,
                        Lisa",
      title          = "{Joint resummation of two angularities at
                        next-to-next-to-leading logarithmic order}",
      year           = "2018",
      eprint         = "1806.10622",
      archivePrefix  = "arXiv",
      primaryClass   = "hep-ph",
      reportNumber   = "NIKHEF-2018-013, UWTHPH-2018-19, MITP-18-051",
      SLACcitation   = "%%CITATION = ARXIV:1806.10622;%%"
}

@article{Larkoski:2014tva,
      author         = "Larkoski, Andrew J. and Moult, Ian and Neill, Duff",
      title          = "{Toward Multi-Differential Cross Sections: Measuring Two
                        Angularities on a Single Jet}",
      journal        = "JHEP",
      volume         = "09",
      year           = "2014",
      pages          = "046",
      doi            = "10.1007/JHEP09(2014)046",
      eprint         = "1401.4458",
      archivePrefix  = "arXiv",
      primaryClass   = "hep-ph",
      reportNumber   = "MIT-CTP-4525",
      SLACcitation   = "%%CITATION = ARXIV:1401.4458;%%"
}

@inproceedings{Cherzor:1997ak,
      author         = "Cherzor, P. S. and Sveshnikov, N. A.",
      title          = "{Jet observables and energy momentum tensor}",
      booktitle      = "{Quantum field theory and high-energy physics.
                        Proceedings, Workshop, QFTHEP'97, Samara, Russia,
                        September 4-10, 1997}",
      year           = "1997",
      pages          = "402-407",
      eprint         = "hep-ph/9710349",
      archivePrefix  = "arXiv",
      primaryClass   = "hep-ph",
      SLACcitation   = "%%CITATION = HEP-PH/9710349;%%"
}

@article{Sveshnikov:1995vi,
      author         = "Sveshnikov, N. A. and Tkachov, F. V.",
      title          = "{Jets and quantum field theory}",
      booktitle      = "{High-energy physics and quantum field theory.
                        Proceedings, 10th International Workshop, Zvenigorod,
                        Russia, September 20-26, 1995}",
      journal        = "Phys. Lett.",
      volume         = "B382",
      year           = "1996",
      pages          = "403-408",
      doi            = "10.1016/0370-2693(96)00558-8",
      eprint         = "hep-ph/9512370",
      archivePrefix  = "arXiv",
      primaryClass   = "hep-ph",
      SLACcitation   = "%%CITATION = HEP-PH/9512370;%%"
}

@article{Tkachov:1995kk,
      author         = "Tkachov, Fyodor V.",
      title          = "{Measuring multi - jet structure of hadronic energy flow
                        or What is a jet?}",
      journal        = "Int. J. Mod. Phys.",
      volume         = "A12",
      year           = "1997",
      pages          = "5411-5529",
      doi            = "10.1142/S0217751X97002899",
      eprint         = "hep-ph/9601308",
      archivePrefix  = "arXiv",
      primaryClass   = "hep-ph",
      reportNumber   = "FERMILAB-PUB-95-191-T-REV, FERMILAB-PUB-95-191-T",
      SLACcitation   = "%%CITATION = HEP-PH/9601308;%%"
}

@article{Parisi:1978eg,
      author         = "Parisi, G.",
      title          = "{Super Inclusive Cross-Sections}",
      journal        = "Phys. Lett.",
      volume         = "74B",
      year           = "1978",
      pages          = "65-67",
      doi            = "10.1016/0370-2693(78)90061-8",
      reportNumber   = "LPTENS 78/5",
      SLACcitation   = "%%CITATION = PHLTA,74B,65;%%"
}

@techreport{CMS:2013kfa,
	  collaboration = {CMS},
	  Institution   = {CERN},
      author         = "CMS",
      title          = "{Performance of quark/gluon discrimination in 8 TeV pp
                        data}",
      collaboration  = "CMS",
      year           = "2013",
      Number   = "CMS-PAS-JME-13-002",
      SLACcitation   = "%%CITATION = CMS-PAS-JME-13-002;%%"
}

@article{Chatrchyan:2012sn,
    author = "Chatrchyan, Serguei and others",
    collaboration = "CMS",
    title = "{Search for a Higgs boson in the decay channel $H$ to ZZ(*) to $q$ qbar $\ell^-$ l+ in $pp$ collisions at $\sqrt{s}=7$ TeV}",
    eprint = "1202.1416",
    archivePrefix = "arXiv",
    primaryClass = "hep-ex",
    reportNumber = "CMS-HIG-11-027, CERN-PH-EP-2012-028",
    doi = "10.1007/JHEP04(2012)036",
    journal = "JHEP",
    volume = "04",
    pages = "036",
    year = "2012"
}

@article{CMS:2011bqa,
    collaboration = "CMS",
    title = "{Search for BSM \textbackslash{}ttbar Production in the Boosted All-Hadronic Final State}",
    reportNumber = "CMS-PAS-EXO-11-006",
    month = "8",
    year = "2011"
}

@article{sterman1995handbook,
  title={Handbook of perturbative QCD},
  author={Sterman, George and Smith, John and Collins, John C and Whitmore, James and Brock, Raymond and Huston, Joey and Pumplin, Jon and Tung, Wu-Ki and Weerts, Hendrik and Yuan, Chien-Peng and others},
  journal={Reviews of Modern Physics},
  volume={67},
  number={1},
  pages={157},
  year={1995},
  publisher={APS}
}

@book{Weinberg:1995mt,
      author         = "Weinberg, Steven",
      title          = "{The Quantum theory of fields. Vol. 1: Foundations}",
      publisher      = "Cambridge University Press",
      year           = "2005",
      ISBN           = "9780521670531, 9780511252044",
      SLACcitation   = "%%CITATION = INSPIRE-406190;%%"
}

@article{Lee:1964is,
      author         = "Lee, T. D. and Nauenberg, M.",
      title          = "{Degenerate Systems and Mass Singularities}",
      journal        = "Phys. Rev.",
      volume         = "133",
      year           = "1964",
      pages          = "B1549-B1562",
      doi            = "10.1103/PhysRev.133.B1549",
      note           = "[,25(1964)]",
      SLACcitation   = "%%CITATION = PHRVA,133,B1549;%%"
}

@article{Kinoshita:1962ur,
      author         = "Kinoshita, T.",
      title          = "{Mass singularities of Feynman amplitudes}",
      journal        = "J. Math. Phys.",
      volume         = "3",
      year           = "1962",
      pages          = "650-677",
      doi            = "10.1063/1.1724268",
      SLACcitation   = "%%CITATION = JMAPA,3,650;%%"
}

@article{deFavereau:2013fsa,
	Archiveprefix = {arXiv},
	Author = {de Favereau, J. and Delaere, C. and Demin, P. and Giammanco, A. and Lema{\^\i}tre, V. and Mertens, A. and Selvaggi, M.},
	Collaboration = {DELPHES 3},
	Doi = {10.1007/JHEP02(2014)057},
	Eprint = {1307.6346},
	Journal = {JHEP},
	Pages = {057},
	Primaryclass = {hep-ex},
	Slaccitation = {%%CITATION = ARXIV:1307.6346;%%},
	Title = {{DELPHES 3, A modular framework for fast simulation of a generic collider experiment}},
	Volume = {02},
	Year = {2014},
	Bdsk-Url-1 = {https://doi.org/10.1007/JHEP02(2014)057}}

@article{Komiske:2018vkc,
	Archiveprefix = {arXiv},
	Author = {Komiske, Patrick T. and Metodiev, Eric M. and Thaler, Jesse},
	Eprint = {1809.01140},
	Primaryclass = {hep-ph},
	Reportnumber = {MIT-CTP 5042},
	Slaccitation = {%%CITATION = ARXIV:1809.01140;%%},
	Title = {{An operational definition of quark and gluon jets}},
	Year = {2018}}
	
@article{Bertolini:2014bba,
      author         = "Bertolini, Daniele and Harris, Philip and Low, Matthew
                        and Tran, Nhan",
      title          = "{Pileup Per Particle Identification}",
      journal        = "JHEP",
      volume         = "10",
      year           = "2014",
      pages          = "059",
      doi            = "10.1007/JHEP10(2014)059",
      eprint         = "1407.6013",
      archivePrefix  = "arXiv",
      primaryClass   = "hep-ph",
      reportNumber   = "FERMILAB-PUB-14-238-PPD, EFI-14-18, MIT-CTP-4558",
      SLACcitation   = "%%CITATION = ARXIV:1407.6013;%%"
}

@book{numpy,
	Added-At = {2014-01-19T07:05:25.000+0100},
	Author = {Oliphant, Travis},
	Biburl = {https://www.bibsonomy.org/bibtex/2f40296e2d792a4883b48db705291fd20/neurokernel},
	Date-Modified = {2018-09-19 01:37:14 +0000},
	Interhash = {f13bb8f9237574e5678cedd1b36c4175},
	Intrahash = {f40296e2d792a4883b48db705291fd20},
	Publisher = {Trelgol Publishing},
	Timestamp = {2014-01-19T07:05:25.000+0100},
	Title = {Guide to {NumPy}},
	Url = {http://www.tramy.us/numpybook.pdf},
	Year = 2006,
	Bdsk-Url-1 = {http://www.tramy.us/numpybook.pdf}}

@article{Tanabashi:2018oca,
	Author = {Tanabashi, M. and others},
	Collaboration = {ParticleDataGroup},
	Doi = {10.1103/PhysRevD.98.030001},
	Journal = {Phys. Rev.},
	Number = {3},
	Pages = {030001},
	Slaccitation = {%%CITATION = PHRVA,D98,030001;%%},
	Title = {{Review of Particle Physics}},
	Volume = {D98},
	Year = {2018},
	Bdsk-Url-1 = {https://doi.org/10.1103/PhysRevD.98.030001}}

@article{Metodiev:2017vrx,
	Archiveprefix = {arXiv},
	Author = {Metodiev, Eric M. and Nachman, Benjamin and Thaler, Jesse},
	Doi = {10.1007/JHEP10(2017)174},
	Eprint = {1708.02949},
	Journal = {JHEP},
	Pages = {174},
	Primaryclass = {hep-ph},
	Reportnumber = {MIT--CTP-4922},
	Slaccitation = {%%CITATION = ARXIV:1708.02949;%%},
	Title = {{Classification without labels: Learning from mixed samples in high energy physics}},
	Volume = {10},
	Year = {2017},
	Bdsk-Url-1 = {https://doi.org/10.1007/JHEP10(2017)174}}

@article{Komiske:2018oaa,
	Archiveprefix = {arXiv},
	Author = {Komiske, Patrick T. and Metodiev, Eric M. and Nachman, Benjamin and Schwartz, Matthew D.},
	Doi = {10.1103/PhysRevD.98.011502},
	Eprint = {1801.10158},
	Journal = {Phys. Rev.},
	Number = {1},
	Pages = {011502},
	Primaryclass = {hep-ph},
	Reportnumber = {MIT-CTP-4968, MIT-CTP 4968},
	Slaccitation = {%%CITATION = ARXIV:1801.10158;%%},
	Title = {{Learning to classify from impure samples with high-dimensional data}},
	Volume = {D98},
	Year = {2018},
	Bdsk-Url-1 = {https://doi.org/10.1103/PhysRevD.98.011502}}

@article{Cohen:2017exh,
	Archiveprefix = {arXiv},
	Author = {Cohen, Timothy and Freytsis, Marat and Ostdiek, Bryan},
	Doi = {10.1007/JHEP02(2018)034},
	Eprint = {1706.09451},
	Journal = {JHEP},
	Pages = {034},
	Primaryclass = {hep-ph},
	Slaccitation = {%%CITATION = ARXIV:1706.09451;%%},
	Title = {{(Machine) Learning to Do More with Less}},
	Volume = {02},
	Year = {2018},
	Bdsk-Url-1 = {https://doi.org/10.1007/JHEP02(2018)034}}

@article{Dery:2017fap,
	Archiveprefix = {arXiv},
	Author = {Dery, Lucio Mwinmaarong and Nachman, Benjamin and Rubbo, Francesco and Schwartzman, Ariel},
	Doi = {10.1007/JHEP05(2017)145},
	Eprint = {1702.00414},
	Journal = {JHEP},
	Pages = {145},
	Primaryclass = {hep-ph},
	Slaccitation = {%%CITATION = ARXIV:1702.00414;%%},
	Title = {{Weakly Supervised Classification in High Energy Physics}},
	Volume = {05},
	Year = {2017},
	Bdsk-Url-1 = {https://doi.org/10.1007/JHEP05(2017)145}}

@article{blanchard2016classification,
	Archiveprefix = {arXiv},
	Author = {Blanchard, Gilles and Flaska, Marek and Handy, Gregory and Pozzi, Sara and Scott, Clayton},
	Doi = {10.1214/16-EJS1193},
	Eprint = {1303.1208},
	Journal = {Electronic Journal of Statistics},
	Number = {2},
	Pages = {2780--2824},
	Publisher = {The Institute of Mathematical Statistics and the Bernoulli Society},
	Title = {Classification with asymmetric label noise: Consistency and maximal denoising},
	Volume = {10},
	Year = {2016},
	Bdsk-Url-1 = {https://doi.org/10.1214/16-EJS1193}}

@article{blanchard2018corrigendum,
	Author = {Blanchard, Gilles and Scott, Clayton},
	Doi = {10.1214/18-EJS1422},
	Journal = {Electronic Journal of Statistics},
	Number = {1},
	Pages = {1779--1781},
	Publisher = {The Institute of Mathematical Statistics and the Bernoulli Society},
	Title = {Corrigendum to ``Classification with asymmetric label noise: Consistency and maximal denoising''},
	Volume = {12},
	Year = {2018},
	Bdsk-Url-1 = {https://doi.org/10.1214/18-EJS1422}}

@article{Metodiev:2018ftz,
	Archiveprefix = {arXiv},
	Author = {Metodiev, Eric M. and Thaler, Jesse},
	Doi = {10.1103/PhysRevLett.120.241602},
	Eprint = {1802.00008},
	Journal = {Phys. Rev. Lett.},
	Number = {24},
	Pages = {241602},
	Primaryclass = {hep-ph},
	Reportnumber = {MIT-CTP-4979},
	Slaccitation = {%%CITATION = ARXIV:1802.00008;%%},
	Title = {{Jet Topics: Disentangling Quarks and Gluons at Colliders}},
	Volume = {120},
	Year = {2018},
	Bdsk-Url-1 = {https://doi.org/10.1103/PhysRevLett.120.241602}}

@article{GurAri:2011vx,
	Archiveprefix = {arXiv},
	Author = {Gur-Ari, Guy and Papucci, Michele and Perez, Gilad},
	Eprint = {1101.2905},
	Primaryclass = {hep-ph},
	Reportnumber = {CERN-PH-TH-2011-007},
	Slaccitation = {%%CITATION = ARXIV:1101.2905;%%},
	Title = {{Classification of Energy Flow Observables in Narrow Jets}},
	Year = {2011}}

@article{Donoghue:1979vi,
	Author = {Donoghue, John F. and Low, F. E. and Pi, So-Young},
	Doi = {10.1103/PhysRevD.20.2759},
	Journal = {Phys. Rev.},
	Pages = {2759},
	Reportnumber = {MIT-CTP-771},
	Slaccitation = {%%CITATION = PHRVA,D20,2759;%%},
	Title = {{Tensor Analysis of Hadronic Jets in Quantum Chromodynamics}},
	Volume = {D20},
	Year = {1979},
	Bdsk-Url-1 = {https://doi.org/10.1103/PhysRevD.20.2759}}

@techreport{ATL-PHYS-PUB-2017-017,
	Address = {Geneva},
	Collaboration = {ATLAS},
	Institution = {CERN},
	Month = {Jul},
	Number = {ATL-PHYS-PUB-2017-017},
	Reportnumber = {ATL-PHYS-PUB-2017-017},
	Title = {{Quark versus Gluon Jet Tagging Using Jet Images with the ATLAS Detector}},
	Url = {https://cds.cern.ch/record/2275641},
	Year = {2017},
	Bdsk-Url-1 = {https://cds.cern.ch/record/2275641}}

@article{Farina:2018fyg,
	Archiveprefix = {arXiv},
	Author = {Farina, Marco and Nakai, Yuichiro and Shih, David},
	Eprint = {1808.08992},
	Primaryclass = {hep-ph},
	Slaccitation = {%%CITATION = ARXIV:1808.08992;%%},
	Title = {{Searching for New Physics with Deep Autoencoders}},
	Year = {2018}}

@article{Heimel:2018mkt,
	Archiveprefix = {arXiv},
	Author = {Heimel, Theo and Kasieczka, Gregor and Plehn, Tilman and Thompson, Jennifer M.},
	Eprint = {1808.08979},
	Primaryclass = {hep-ph},
	Slaccitation = {%%CITATION = ARXIV:1808.08979;%%},
	Title = {{QCD or What?}},
	Year = {2018}}

@article{stone:1948gen,
	Author = {Stone, Marshall H},
	Date-Added = {2018-08-28 18:04:15 -0400},
	Date-Modified = {2018-08-28 18:06:01 -0400},
	Doi = {10.2307/3029750},
	Journal = {Mathematics Magazine},
	Number = {4},
	Pages = {237--254},
	Publisher = {JSTOR},
	Title = {The generalized Weierstrass approximation theorem},
	Volume = {21},
	Bdsk-Url-1 = {https://doi.org/10.2307/3029750}}

@inproceedings{DBLP:conf/acl/IyyerMBD15,
	Author = {Mohit Iyyer and Varun Manjunatha and Jordan L. Boyd{-}Graber and Hal Daum{\'{e}} III},
	Bibsource = {dblp computer science bibliography, https://dblp.org},
	Biburl = {https://dblp.org/rec/bib/conf/acl/IyyerMBD15},
	Booktitle = {Proceedings of the 53rd Annual Meeting of the Association for Computational Linguistics and the 7th International Joint Conference on Natural Language Processing of the Asian Federation of Natural Language Processing, {ACL} 2015, July 26-31, 2015, Beijing, China, Volume 1: Long Papers},
	Crossref = {DBLP:conf/acl/2015-1},
	Pages = {1681--1691},
	Timestamp = {Sun, 02 Aug 2015 19:26:07 +0200},
	Title = {Deep Unordered Composition Rivals Syntactic Methods for Text Classification},
	Year = {2015},
	Bdsk-Url-1 = {http://aclweb.org/anthology/P/P15/P15-1162.pdf}}

@article{DBLP:journals/corr/abs-1712-07262,
	Archiveprefix = {arXiv},
	Author = {Yaoqing Yang and Chen Feng and Yiru Shen and Dong Tian},
	Bibsource = {dblp computer science bibliography, https://dblp.org},
	Biburl = {https://dblp.org/rec/bib/journals/corr/abs-1712-07262},
	Eprint = {1712.07262},
	Timestamp = {Mon, 13 Aug 2018 16:48:48 +0200},
	Title = {FoldingNet: Interpretable Unsupervised Learning on 3D Point Clouds},
	Url = {http://arxiv.org/abs/1712.07262},
	Volume = {abs/1712.07262},
	Year = {2017},
	Bdsk-Url-1 = {http://arxiv.org/abs/1712.07262}}

@article{DBLP:journals/corr/abs-1709-03019,
	Archiveprefix = {arXiv},
	Author = {Andrew Gardner and Jinko Kanno and Christian A. Duncan and Rastko R. Selmic},
	Bibsource = {dblp computer science bibliography, https://dblp.org},
	Biburl = {https://dblp.org/rec/bib/journals/corr/abs-1709-03019},
	Eprint = {1709.03019},
	Timestamp = {Mon, 13 Aug 2018 16:48:20 +0200},
	Title = {Classifying Unordered Feature Sets with Convolutional Deep Averaging Networks},
	Url = {http://arxiv.org/abs/1709.03019},
	Volume = {abs/1709.03019},
	Year = {2017},
	Bdsk-Url-1 = {http://arxiv.org/abs/1709.03019}}

@article{DBLP:journals/corr/abs-1805-00613,
	Archiveprefix = {arXiv},
	Author = {S. Hamid Rezatofighi and Roman Kaskman and Farbod T. Motlagh and Qinfeng Shi and Daniel Cremers and Laura Leal{-}Taix{\'{e}} and Ian D. Reid},
	Bibsource = {dblp computer science bibliography, https://dblp.org},
	Biburl = {https://dblp.org/rec/bib/journals/corr/abs-1805-00613},
	Eprint = {1805.00613},
	Timestamp = {Mon, 13 Aug 2018 16:49:11 +0200},
	Title = {Deep Perm-Set Net: Learn to predict sets with unknown permutation and cardinality using deep neural networks},
	Year = {2018}}

@inproceedings{DBLP:conf/nips/ZaheerKRPSS17,
	Archiveprefix = {arXiv},
	Author = {Manzil Zaheer and Satwik Kottur and Siamak Ravanbakhsh and Barnab{\'{a}}s P{\'{o}}czos and Ruslan R. Salakhutdinov and Alexander J. Smola},
	Bibsource = {dblp computer science bibliography, https://dblp.org},
	Biburl = {https://dblp.org/rec/bib/conf/nips/ZaheerKRPSS17},
	Booktitle = {Advances in Neural Information Processing Systems 30: Annual Conference on Neural Information Processing Systems 2017, 4-9 December 2017, Long Beach, CA, {USA}},
	Crossref = {DBLP:conf/nips/2017},
	Eprint = {1703.06114},
	Pages = {3394--3404},
	Timestamp = {Mon, 27 Nov 2017 12:38:48 +0100},
	Title = {Deep Sets},
	Year = {2017}}

@inproceedings{DBLP:conf/nips/QiYSG17,
	Archiveprefix = {arXiv},
	Author = {Charles Ruizhongtai Qi and Li Yi and Hao Su and Leonidas J. Guibas},
	Bibsource = {dblp computer science bibliography, https://dblp.org},
	Biburl = {https://dblp.org/rec/bib/conf/nips/QiYSG17},
	Booktitle = {Advances in Neural Information Processing Systems 30: Annual Conference on Neural Information Processing Systems 2017, 4-9 December 2017, Long Beach, CA, {USA}},
	Crossref = {DBLP:conf/nips/2017},
	Eprint = {1706.02413},
	Pages = {5105--5114},
	Timestamp = {Mon, 27 Nov 2017 12:38:48 +0100},
	Title = {PointNet++: Deep Hierarchical Feature Learning on Point Sets in a Metric Space},
	Year = {2017}}

@inproceedings{DBLP:conf/cvpr/QiSMG17,
	Author = {Charles Ruizhongtai Qi and Hao Su and Kaichun Mo and Leonidas J. Guibas},
	Bibsource = {dblp computer science bibliography, https://dblp.org},
	Biburl = {https://dblp.org/rec/bib/conf/cvpr/QiSMG17},
	Booktitle = {2017 {IEEE} Conference on Computer Vision and Pattern Recognition, {CVPR} 2017, Honolulu, HI, USA, July 21-26, 2017},
	Crossref = {DBLP:conf/cvpr/2017},
	Doi = {10.1109/CVPR.2017.16},
	Pages = {77--85},
	Timestamp = {Tue, 14 Nov 2017 17:15:06 +0100},
	Title = {PointNet: Deep Learning on Point Sets for 3D Classification and Segmentation},
	Url = {https://doi.org/10.1109/CVPR.2017.16},
	Year = {2017},
	Bdsk-Url-1 = {https://doi.org/10.1109/CVPR.2017.16}}

@inproceedings{DBLP:conf/aaai/RezatofighiMSD018,
	Archiveprefix = {arXiv},
	Author = {S. Hamid Rezatofighi and Anton Milan and Qinfeng Shi and Anthony R. Dick and Ian D. Reid},
	Bibsource = {dblp computer science bibliography, https://dblp.org},
	Biburl = {https://dblp.org/rec/bib/conf/aaai/RezatofighiMSD018},
	Booktitle = {Proceedings of the Thirty-Second {AAAI} Conference on Artificial Intelligence, New Orleans, Louisiana, USA, February 2-7, 2018},
	Crossref = {DBLP:conf/aaai/2018},
	Eprint = {1709.04093},
	Timestamp = {Thu, 03 May 2018 17:02:03 +0200},
	Title = {Joint Learning of Set Cardinality and State Distribution},
	Year = {2018}}

@article{DBLP:journals/corr/abs-1806-00050,
	Archiveprefix = {arXiv},
	Author = {Andrew Cotter and Maya R. Gupta and Heinrich Jiang and James Muller and Taman Narayan and Serena Wang and Tao Zhu},
	Bibsource = {dblp computer science bibliography, https://dblp.org},
	Biburl = {https://dblp.org/rec/bib/journals/corr/abs-1806-00050},
	Eprint = {1806.00050},
	Timestamp = {Mon, 13 Aug 2018 16:46:30 +0200},
	Title = {Interpretable Set Functions},
	Url = {http://arxiv.org/abs/1806.00050},
	Year = {2018},
	Bdsk-Url-1 = {http://arxiv.org/abs/1806.00050}}

@inproceedings{DBLP:conf/iccv/RezatofighiGMAD17,
	Author = {S. Hamid Rezatofighi and Vijay Kumar B. G and Anton Milan and Ehsan Abbasnejad and Anthony R. Dick and Ian D. Reid},
	Bibsource = {dblp computer science bibliography, https://dblp.org},
	Biburl = {https://dblp.org/rec/bib/conf/iccv/RezatofighiGMAD17},
	Booktitle = {{IEEE} International Conference on Computer Vision, {ICCV} 2017, Venice, Italy, October 22-29, 2017},
	Crossref = {DBLP:conf/iccv/2017},
	Doi = {10.1109/ICCV.2017.561},
	Pages = {5257--5266},
	Timestamp = {Thu, 11 Jan 2018 13:21:37 +0100},
	Title = {DeepSetNet: Predicting Sets with Deep Neural Networks},
	Url = {https://doi.org/10.1109/ICCV.2017.561},
	Year = {2017},
	Bdsk-Url-1 = {https://doi.org/10.1109/ICCV.2017.561}}

@inproceedings{Beaudette:2014cea,
	Archiveprefix = {arXiv},
	Author = {Beaudette, Florian},
	Booktitle = {{Proceedings, International Conference on Calorimetry for the High Energy Frontier (CHEF 2013): Paris, France, April 22-25, 2013}},
	Collaboration = {CMS},
	Date-Added = {2018-08-28 12:48:43 -0400},
	Date-Modified = {2018-08-28 12:48:43 -0400},
	Eprint = {1401.8155},
	Pages = {295-304},
	Primaryclass = {hep-ex},
	Slaccitation = {%%CITATION = ARXIV:1401.8155;%%},
	Title = {{The CMS Particle Flow Algorithm}},
	Year = {2013}}

@article{Komiske:2019jim,
      author         = "Komiske, Patrick T. and Mastandrea, Radha and Metodiev,
                        Eric M. and Naik, Preksha and Thaler, Jesse",
      title          = "{Exploring the Space of Jets with CMS Open Data}",
      year           = "2019",
      eprint         = "1908.08542",
      archivePrefix  = "arXiv",
      primaryClass   = "hep-ph",
      reportNumber   = "MIT-CTP 5129",
      SLACcitation   = "%%CITATION = ARXIV:1908.08542;%%"
}

@article{Komiske:2019fks,
      author         = "Komiske, Patrick T. and Metodiev, Eric M. and Thaler,
                        Jesse",
      title          = "{Metric Space of Collider Events}",
      journal        = "Phys. Rev. Lett.",
      volume         = "123",
      year           = "2019",
      number         = "4",
      pages          = "041801",
      doi            = "10.1103/PhysRevLett.123.041801",
      eprint         = "1902.02346",
      archivePrefix  = "arXiv",
      primaryClass   = "hep-ph",
      reportNumber   = "MIT-CTP 5102",
      SLACcitation   = "%%CITATION = ARXIV:1902.02346;%%"
}

@article{adam,
	Archiveprefix = {arXiv},
	Author = {Kingma, Diederik and Ba, Jimmy},
	Date-Added = {2018-08-28 12:07:00 -0400},
	Date-Modified = {2018-08-28 12:09:17 -0400},
	Eprint = {1412.6980},
	Primaryclass = {cs},
	Title = {Adam: A method for stochastic optimization},
	Year = {2014}}

@article{Larkoski:2014wba,
	Archiveprefix = {arXiv},
	Author = {Larkoski, Andrew J. and Marzani, Simone and Soyez, Gregory and Thaler, Jesse},
	Date-Added = {2018-08-28 12:04:41 -0400},
	Date-Modified = {2018-08-28 12:04:41 -0400},
	Doi = {10.1007/JHEP05(2014)146},
	Eprint = {1402.2657},
	Journal = {JHEP},
	Pages = {146},
	Primaryclass = {hep-ph},
	Reportnumber = {MIT-CTP-4531, DCPT-14-24, IPPP-14-12},
	Slaccitation = {%%CITATION = ARXIV:1402.2657;%%},
	Title = {{Soft Drop}},
	Volume = {05},
	Year = {2014},
	Bdsk-Url-1 = {https://doi.org/10.1007/JHEP05(2014)146}}

@book{bishop2006,
	Author = {Bishop, Christopher M.},
	Date-Added = {2018-08-28 11:13:45 -0400},
	Date-Modified = {2018-08-28 11:14:21 -0400},
	Publisher = {Springer},
	Title = {Pattern Recognition and Machine Learning},
	Year = {2006}}

@article{scikit-learn,
	Author = {Pedregosa, F. and Varoquaux, G. and Gramfort, A. and Michel, V. and Thirion, B. and Grisel, O. and Blondel, M. and Prettenhofer, P. and Weiss, R. and Dubourg, V. and Vanderplas, J. and Passos, A. and Cournapeau, D. and Brucher, M. and Perrot, M. and Duchesnay, E.},
	Date-Added = {2018-08-28 11:09:47 -0400},
	Date-Modified = {2018-08-28 11:10:52 -0400},
	Journal = {Journal of Machine Learning Research},
	Pages = {2825--2830},
	Rating = {0},
	Read = {0},
	Title = {Scikit-learn: Machine Learning in Python},
	Volume = {12},
	Year = {2011}}

@article{Aguilar-Saavedra:2017rzt,
	Archiveprefix = {arXiv},
	Author = {Aguilar-Saavedra, J. A. and Collins, Jack H. and Mishra, Rashmish K.},
	Date-Added = {2018-08-28 11:05:24 -0400},
	Date-Modified = {2018-08-28 11:05:24 -0400},
	Doi = {10.1007/JHEP11(2017)163},
	Eprint = {1709.01087},
	Journal = {JHEP},
	Pages = {163},
	Primaryclass = {hep-ph},
	Slaccitation = {%%CITATION = ARXIV:1709.01087;%%},
	Title = {{A generic anti-QCD jet tagger}},
	Volume = {11},
	Year = {2017},
	Bdsk-Url-1 = {https://doi.org/10.1007/JHEP11(2017)163}}

@article{Louppe:2017ipp,
	Archiveprefix = {arXiv},
	Author = {Louppe, Gilles and Cho, Kyunghyun and Becot, Cyril and Cranmer, Kyle},
	Date-Added = {2018-08-28 11:03:33 -0400},
	Date-Modified = {2018-08-28 11:03:33 -0400},
	Eprint = {1702.00748},
	Primaryclass = {hep-ph},
	Slaccitation = {%%CITATION = ARXIV:1702.00748;%%},
	Title = {{QCD-Aware Recursive Neural Networks for Jet Physics}},
	Year = {2017}}

@article{Baldi:2016fql,
	Archiveprefix = {arXiv},
	Author = {Baldi, Pierre and Bauer, Kevin and Eng, Clara and Sadowski, Peter and Whiteson, Daniel},
	Date-Added = {2018-08-28 11:02:49 -0400},
	Date-Modified = {2018-08-28 11:02:49 -0400},
	Doi = {10.1103/PhysRevD.93.094034},
	Eprint = {1603.09349},
	Journal = {Phys. Rev.},
	Number = {9},
	Pages = {094034},
	Primaryclass = {hep-ex},
	Slaccitation = {%%CITATION = ARXIV:1603.09349;%%},
	Title = {{Jet Substructure Classification in High-Energy Physics with Deep Neural Networks}},
	Volume = {D93},
	Year = {2016},
	Bdsk-Url-1 = {https://doi.org/10.1103/PhysRevD.93.094034}}

@article{Almeida:2015jua,
      author         = "Almeida, Leandro G. and Backović, Mihailo and Cliche,
                        Mathieu and Lee, Seung J. and Perelstein, Maxim",
      title          = "{Playing Tag with ANN: Boosted Top Identification with
                        Pattern Recognition}",
      journal        = "JHEP",
      volume         = "07",
      year           = "2015",
      pages          = "086",
      doi            = "10.1007/JHEP07(2015)086",
      eprint         = "1501.05968",
      archivePrefix  = "arXiv",
      primaryClass   = "hep-ph",
      reportNumber   = "CP3-15-01",
      SLACcitation   = "%%CITATION = ARXIV:1501.05968;%%"
}

@article{Gras:2017jty,
	Archiveprefix = {arXiv},
	Author = {Gras, Philippe and H{\"o}che, Stefan and Kar, Deepak and Larkoski, Andrew and L{\"o}nnblad, Leif and Pl{\"a}tzer, Simon and Si{\'o}dmok, Andrzej and Skands, Peter and Soyez, Gregory and Thaler, Jesse},
	Doi = {10.1007/JHEP07(2017)091},
	Eprint = {1704.03878},
	Journal = {JHEP},
	Pages = {091},
	Primaryclass = {hep-ph},
	Reportnumber = {MIT-CTP-4885, COEPP-MN-17-2, MCNET-17-04},
	Slaccitation = {%%CITATION = ARXIV:1704.03878;%%},
	Title = {{Systematics of quark/gluon tagging}},
	Volume = {07},
	Year = {2017},
	Bdsk-Url-1 = {https://doi.org/10.1007/JHEP07(2017)091}}

@article{Gallicchio:2012ez,
	Archiveprefix = {arXiv},
	Author = {Gallicchio, Jason and Schwartz, Matthew D.},
	Date-Added = {2018-08-28 11:00:36 -0400},
	Date-Modified = {2018-08-28 11:00:36 -0400},
	Doi = {10.1007/JHEP04(2013)090},
	Eprint = {1211.7038},
	Journal = {JHEP},
	Pages = {090},
	Primaryclass = {hep-ph},
	Slaccitation = {%%CITATION = ARXIV:1211.7038;%%},
	Title = {{Quark and Gluon Jet Substructure}},
	Volume = {04},
	Year = {2013},
	Bdsk-Url-1 = {https://doi.org/10.1007/JHEP04(2013)090}}

@article{Gallicchio:2011xq,
	Archiveprefix = {arXiv},
	Author = {Gallicchio, Jason and Schwartz, Matthew D.},
	Date-Added = {2018-08-28 11:00:14 -0400},
	Date-Modified = {2018-08-28 11:00:14 -0400},
	Doi = {10.1103/PhysRevLett.107.172001},
	Eprint = {1106.3076},
	Journal = {Phys. Rev. Lett.},
	Pages = {172001},
	Primaryclass = {hep-ph},
	Slaccitation = {%%CITATION = ARXIV:1106.3076;%%},
	Title = {{Quark and Gluon Tagging at the LHC}},
	Volume = {107},
	Year = {2011},
	Bdsk-Url-1 = {https://doi.org/10.1103/PhysRevLett.107.172001}}

@article{Aad:2014gea,
	Archiveprefix = {arXiv},
	Author = {Aad, Georges and others},
	Collaboration = {ATLAS},
	Doi = {10.1140/epjc/s10052-014-3023-z},
	Eprint = {1405.6583},
	Journal = {Eur. Phys. J.},
	Number = {8},
	Pages = {3023},
	Primaryclass = {hep-ex},
	Reportnumber = {CERN-PH-EP-2014-058},
	Slaccitation = {%%CITATION = ARXIV:1405.6583;%%},
	Title = {{Light-quark and gluon jet discrimination in $pp$ collisions at $\sqrt{s}=7\mathrm {\ TeV}$ with the ATLAS detector}},
	Volume = {C74},
	Year = {2014},
	Bdsk-Url-1 = {https://doi.org/10.1140/epjc/s10052-014-3023-z}}

@article{Barnard:2016qma,
	Archiveprefix = {arXiv},
	Author = {Barnard, James and Dawe, Edmund Noel and Dolan, Matthew J. and Rajcic, Nina},
	Date-Added = {2018-08-28 10:58:26 -0400},
	Date-Modified = {2018-08-28 10:58:26 -0400},
	Doi = {10.1103/PhysRevD.95.014018},
	Eprint = {1609.00607},
	Journal = {Phys. Rev.},
	Number = {1},
	Pages = {014018},
	Primaryclass = {hep-ph},
	Slaccitation = {%%CITATION = ARXIV:1609.00607;%%},
	Title = {{Parton Shower Uncertainties in Jet Substructure Analyses with Deep Neural Networks}},
	Volume = {D95},
	Year = {2017},
	Bdsk-Url-1 = {https://doi.org/10.1103/PhysRevD.95.014018}}

@article{Gallicchio:2010dq,
	Archiveprefix = {arXiv},
	Author = {Gallicchio, Jason and Huth, John and Kagan, Michael and Schwartz, Matthew D. and Black, Kevin and Tweedie, Brock},
	Date-Added = {2018-08-28 10:57:40 -0400},
	Date-Modified = {2018-08-28 10:57:40 -0400},
	Doi = {10.1007/JHEP04(2011)069},
	Eprint = {1010.3698},
	Journal = {JHEP},
	Pages = {069},
	Primaryclass = {hep-ph},
	Slaccitation = {%%CITATION = ARXIV:1010.3698;%%},
	Title = {{Multivariate discrimination and the Higgs + W/Z search}},
	Volume = {04},
	Year = {2011},
	Bdsk-Url-1 = {https://doi.org/10.1007/JHEP04(2011)069}}

@inproceedings{Bhimji:2017qvb,
	Archiveprefix = {arXiv},
	Author = {Bhimji, Wahid and Farrell, Steven Andrew and Kurth, Thorsten and Paganini, Michela and Prabhat and Racah, Evan},
	Booktitle = {{18th International Workshop on Advanced Computing and Analysis Techniques in Physics Research (ACAT 2017) Seattle, WA, USA, August 21-25, 2017}},
	Date-Added = {2018-08-28 10:24:04 -0400},
	Date-Modified = {2018-08-28 10:24:04 -0400},
	Eprint = {1711.03573},
	Primaryclass = {hep-ex},
	Slaccitation = {%%CITATION = ARXIV:1711.03573;%%},
	Title = {{Deep Neural Networks for Physics Analysis on low-level whole-detector data at the LHC}},
	Year = {2017}}

@article{Guest:2016iqz,
	Archiveprefix = {arXiv},
	Author = {Guest, Daniel and Collado, Julian and Baldi, Pierre and Hsu, Shih-Chieh and Urban, Gregor and Whiteson, Daniel},
	Date-Added = {2018-08-28 10:23:31 -0400},
	Date-Modified = {2018-08-28 10:23:31 -0400},
	Doi = {10.1103/PhysRevD.94.112002},
	Eprint = {1607.08633},
	Journal = {Phys. Rev.},
	Number = {11},
	Pages = {112002},
	Primaryclass = {hep-ex},
	Slaccitation = {%%CITATION = ARXIV:1607.08633;%%},
	Title = {{Jet Flavor Classification in High-Energy Physics with Deep Neural Networks}},
	Volume = {D94},
	Year = {2016},
	Bdsk-Url-1 = {https://doi.org/10.1103/PhysRevD.94.112002}}

@article{Datta:2017rhs,
	Archiveprefix = {arXiv},
	Author = {Datta, Kaustuv and Larkoski, Andrew},
	Date-Added = {2018-08-28 10:20:56 -0400},
	Date-Modified = {2018-08-28 10:20:56 -0400},
	Doi = {10.1007/JHEP06(2017)073},
	Eprint = {1704.08249},
	Journal = {JHEP},
	Pages = {073},
	Primaryclass = {hep-ph},
	Slaccitation = {%%CITATION = ARXIV:1704.08249;%%},
	Title = {{How Much Information is in a Jet?}},
	Volume = {06},
	Year = {2017},
	Bdsk-Url-1 = {https://doi.org/10.1007/JHEP06(2017)073}}

@article{Butter:2017cot,
      author         = "Butter, Anja and Kasieczka, Gregor and Plehn, Tilman and
                        Russell, Michael",
      title          = "{Deep-learned Top Tagging with a Lorentz Layer}",
      journal        = "SciPost Phys.",
      volume         = "5",
      year           = "2018",
      pages          = "028",
      doi            = "10.21468/SciPostPhys.5.3.028",
      eprint         = "1707.08966",
      archivePrefix  = "arXiv",
      primaryClass   = "hep-ph",
      SLACcitation   = "%%CITATION = ARXIV:1707.08966;%%"
}

@article{Pearkes:2017hku,
	Archiveprefix = {arXiv},
	Author = {Pearkes, Jannicke and Fedorko, Wojciech and Lister, Alison and Gay, Colin},
	Eprint = {1704.02124},
	Primaryclass = {hep-ex},
	Slaccitation = {%%CITATION = ARXIV:1704.02124;%%},
	Title = {{Jet Constituents for Deep Neural Network Based Top Quark Tagging}},
	Year = {2017}}

@article{Dreyer:2018nbf,
	Archiveprefix = {arXiv},
	Author = {Dreyer, Fr{\'e}d{\'e}ric A. and Salam, Gavin P. and Soyez, Gr{\'e}gory},
	Eprint = {1807.04758},
	Primaryclass = {hep-ph},
	Slaccitation = {%%CITATION = ARXIV:1807.04758;%%},
	Title = {{The Lund Jet Plane}},
	Year = {2018}}

@article{Luo:2017ncs,
	Archiveprefix = {arXiv},
	Author = {Luo, Hui and Luo, Ming-xing and Wang, Kai and Xu, Tao and Zhu, Guohuai},
	Eprint = {1712.03634},
	Primaryclass = {hep-ph},
	Slaccitation = {%%CITATION = ARXIV:1712.03634;%%},
	Title = {{Quark jet versus gluon jet: deep neural networks with high-level features}},
	Year = {2017}}

@article{Moore:2018lsr,
	Archiveprefix = {arXiv},
	Author = {Moore, Liam and Nordstr{\"o}m, Karl and Varma, Sreedevi and Fairbairn, Malcolm},
	Eprint = {1807.04769},
	Primaryclass = {hep-ph},
	Reportnumber = {Nikhef 2018-036 KCL-PH-TH-2018-36 CP3-18-45, NIKHEF-2018-036-KCL-PH-TH-2018-36-CP3-18-45},
	Slaccitation = {%%CITATION = ARXIV:1807.04769;%%},
	Title = {{Reports of My Demise Are Greatly Exaggerated: $N$-subjettiness Taggers Take On Jet Images}},
	Year = {2018}}

@article{Baldi:2014kfa,
	Archiveprefix = {arXiv},
	Author = {Baldi, Pierre and Sadowski, Peter and Whiteson, Daniel},
	Doi = {10.1038/ncomms5308},
	Eprint = {1402.4735},
	Journal = {Nature Commun.},
	Pages = {4308},
	Primaryclass = {hep-ph},
	Slaccitation = {%%CITATION = ARXIV:1402.4735;%%},
	Title = {{Searching for Exotic Particles in High-Energy Physics with Deep Learning}},
	Volume = {5},
	Year = {2014},
	Bdsk-Url-1 = {https://doi.org/10.1038/ncomms5308}}

@article{Baldi:2014pta,
	Archiveprefix = {arXiv},
	Author = {Baldi, Pierre and Sadowski, Peter and Whiteson, Daniel},
	Doi = {10.1103/PhysRevLett.114.111801},
	Eprint = {1410.3469},
	Journal = {Phys. Rev. Lett.},
	Number = {11},
	Pages = {111801},
	Primaryclass = {hep-ph},
	Slaccitation = {%%CITATION = ARXIV:1410.3469;%%},
	Title = {{Enhanced Higgs Boson to $\tau^+\tau^-$ Search with Deep Learning}},
	Volume = {114},
	Year = {2015},
	Bdsk-Url-1 = {https://doi.org/10.1103/PhysRevLett.114.111801}}

@article{Searcy:2015apa,
	Archiveprefix = {arXiv},
	Author = {Searcy, Jacob and Huang, Lillian and Pleier, Marc-Andr{\'e} and Zhu, Junjie},
	Doi = {10.1103/PhysRevD.93.094033},
	Eprint = {1510.01691},
	Journal = {Phys. Rev.},
	Number = {9},
	Pages = {094033},
	Primaryclass = {hep-ph},
	Slaccitation = {%%CITATION = ARXIV:1510.01691;%%},
	Title = {{Determination of the $WW$ polarization fractions in $pp \to W^\pm W^\pm jj$ using a deep machine learning technique}},
	Volume = {D93},
	Year = {2016},
	Bdsk-Url-1 = {https://doi.org/10.1103/PhysRevD.93.094033}}

@article{Santos:2016kno,
	Archiveprefix = {arXiv},
	Author = {Santos, Roberto and Nguyen, M. and Webster, Jordan and Ryu, Soo and Adelman, Jahred and Chekanov, Sergei and Zhou, Jie},
	Doi = {10.1088/1748-0221/12/04/P04014},
	Eprint = {1610.03088},
	Journal = {JINST},
	Number = {04},
	Pages = {P04014},
	Primaryclass = {hep-ex},
	Slaccitation = {%%CITATION = ARXIV:1610.03088;%%},
	Title = {{Machine learning techniques in searches for $t\bar{t}h$ in the $h \rightarrow b\bar{b}$ decay channel}},
	Volume = {12},
	Year = {2017},
	Bdsk-Url-1 = {https://doi.org/10.1088/1748-0221/12/04/P04014}}

@article{Barberio:2017ngd,
	Archiveprefix = {arXiv},
	Author = {Barberio, Elisabetta and Le, Brian and Richter-Was, Elzbieta and Was, Zbigniew and Zanzi, Daniele and Zaremba, Jakub},
	Doi = {10.1103/PhysRevD.96.073002},
	Eprint = {1706.07983},
	Journal = {Phys. Rev.},
	Number = {7},
	Pages = {073002},
	Primaryclass = {hep-ph},
	Reportnumber = {IFJPAN-IV-2017-12},
	Slaccitation = {%%CITATION = ARXIV:1706.07983;%%},
	Title = {{Deep learning approach to the Higgs boson CP measurement in $H \to \tau \tau$ decay and associated systematics}},
	Volume = {D96},
	Year = {2017},
	Bdsk-Url-1 = {https://doi.org/10.1103/PhysRevD.96.073002}}

@article{Lin:2018cin,
	Archiveprefix = {arXiv},
	Author = {Lin, Joshua and Freytsis, Marat and Moult, Ian and Nachman, Benjamin},
	Eprint = {1807.10768},
	Primaryclass = {hep-ph},
	Slaccitation = {%%CITATION = ARXIV:1807.10768;%%},
	Title = {{Boosting $H\to b\bar b$ with Machine Learning}},
	Year = {2018}}

@article{DAgnolo:2018cun,
	Archiveprefix = {arXiv},
	Author = {D'Agnolo, Raffaele Tito and Wulzer, Andrea},
	Eprint = {1806.02350},
	Primaryclass = {hep-ph},
	Slaccitation = {%%CITATION = ARXIV:1806.02350;%%},
	Title = {{Learning New Physics from a Machine}},
	Year = {2018}}

@article{DeSimone:2018efk,
	Archiveprefix = {arXiv},
	Author = {De Simone, Andrea and Jacques, Thomas},
	Eprint = {1807.06038},
	Primaryclass = {hep-ph},
	Reportnumber = {SISSA 27/2018/FISI},
	Slaccitation = {%%CITATION = ARXIV:1807.06038;%%},
	Title = {{Guiding New Physics Searches with Unsupervised Learning}},
	Year = {2018}}

@article{Hajer:2018kqm,
	Archiveprefix = {arXiv},
	Author = {Hajer, Jan and Li, Ying-Ying and Liu, Tao and Wang, He},
	Eprint = {1807.10261},
	Primaryclass = {hep-ph},
	Slaccitation = {%%CITATION = ARXIV:1807.10261;%%},
	Title = {{Novelty Detection Meets Collider Physics}},
	Year = {2018}}

@article{Brehmer:2018eca,
      author         = "Brehmer, Johann and Cranmer, Kyle and Louppe, Gilles and
                        Pavez, Juan",
      title          = "{A Guide to Constraining Effective Field Theories with
                        Machine Learning}",
      journal        = "Phys. Rev.",
      volume         = "D98",
      year           = "2018",
      number         = "5",
      pages          = "052004",
      doi            = "10.1103/PhysRevD.98.052004",
      eprint         = "1805.00020",
      archivePrefix  = "arXiv",
      primaryClass   = "hep-ph",
      SLACcitation   = "%%CITATION = ARXIV:1805.00020;%%"
}

@article{Brehmer:2018kdj,
      author         = "Brehmer, Johann and Cranmer, Kyle and Louppe, Gilles and
                        Pavez, Juan",
      title          = "{Constraining Effective Field Theories with Machine
                        Learning}",
      journal        = "Phys. Rev. Lett.",
      volume         = "121",
      year           = "2018",
      number         = "11",
      pages          = "111801",
      doi            = "10.1103/PhysRevLett.121.111801",
      eprint         = "1805.00013",
      archivePrefix  = "arXiv",
      primaryClass   = "hep-ph",
      SLACcitation   = "%%CITATION = ARXIV:1805.00013;%%"
}

@article{Paganini:2017dwg,
	Archiveprefix = {arXiv},
	Author = {Paganini, Michela and de Oliveira, Luke and Nachman, Benjamin},
	Doi = {10.1103/PhysRevD.97.014021},
	Eprint = {1712.10321},
	Journal = {Phys. Rev.},
	Number = {1},
	Pages = {014021},
	Primaryclass = {hep-ex},
	Slaccitation = {%%CITATION = ARXIV:1712.10321;%%},
	Title = {{CaloGAN : Simulating 3D high energy particle showers in multilayer electromagnetic calorimeters with generative adversarial networks}},
	Volume = {D97},
	Year = {2018},
	Bdsk-Url-1 = {https://doi.org/10.1103/PhysRevD.97.014021}}

@inproceedings{deOliveira:2017rwa,
	Archiveprefix = {arXiv},
	Author = {de Oliveira, Luke and Paganini, Michela and Nachman, Benjamin},
	Booktitle = {{18th International Workshop on Advanced Computing and Analysis Techniques in Physics Research (ACAT 2017) Seattle, WA, USA, August 21-25, 2017}},
	Eprint = {1711.08813},
	Primaryclass = {hep-ex},
	Slaccitation = {%%CITATION = ARXIV:1711.08813;%%},
	Title = {{Controlling Physical Attributes in GAN-Accelerated Simulation of Electromagnetic Calorimeters}},
	Year = {2017}}

@article{Paganini:2017hrr,
	Archiveprefix = {arXiv},
	Author = {Paganini, Michela and de Oliveira, Luke and Nachman, Benjamin},
	Doi = {10.1103/PhysRevLett.120.042003},
	Eprint = {1705.02355},
	Journal = {Phys. Rev. Lett.},
	Number = {4},
	Pages = {042003},
	Primaryclass = {hep-ex},
	Slaccitation = {%%CITATION = ARXIV:1705.02355;%%},
	Title = {{Accelerating Science with Generative Adversarial Networks: An Application to 3D Particle Showers in Multilayer Calorimeters}},
	Volume = {120},
	Year = {2018},
	Bdsk-Url-1 = {https://doi.org/10.1103/PhysRevLett.120.042003}}

@article{deOliveira:2017pjk,
	Archiveprefix = {arXiv},
	Author = {de Oliveira, Luke and Paganini, Michela and Nachman, Benjamin},
	Doi = {10.1007/s41781-017-0004-6},
	Eprint = {1701.05927},
	Journal = {Comput. Softw. Big Sci.},
	Number = {1},
	Pages = {4},
	Primaryclass = {stat.ML},
	Slaccitation = {%%CITATION = ARXIV:1701.05927;%%},
	Title = {{Learning Particle Physics by Example: Location-Aware Generative Adversarial Networks for Physics Synthesis}},
	Volume = {1},
	Year = {2017},
	Bdsk-Url-1 = {https://doi.org/10.1007/s41781-017-0004-6}}

@article{Sirunyan:2017ezt,
	Archiveprefix = {arXiv},
	Author = {Sirunyan, A. M. and others},
	Collaboration = {CMS},
	Date-Added = {2018-08-27 15:54:40 -0400},
	Date-Modified = {2018-08-27 15:54:40 -0400},
	Doi = {10.1088/1748-0221/13/05/P05011},
	Eprint = {1712.07158},
	Journal = {JINST},
	Number = {05},
	Pages = {P05011},
	Primaryclass = {physics.ins-det},
	Reportnumber = {CMS-BTV-16-002, CERN-EP-2017-326},
	Slaccitation = {%%CITATION = ARXIV:1712.07158;%%},
	Title = {{Identification of heavy-flavour jets with the CMS detector in pp collisions at 13 TeV}},
	Volume = {13},
	Year = {2018},
	Bdsk-Url-1 = {https://doi.org/10.1088/1748-0221/13/05/P05011}}

@article{Thaler:2011gf,
	Archiveprefix = {arXiv},
	Author = {Thaler, Jesse and Van Tilburg, Ken},
	Doi = {10.1007/JHEP02(2012)093},
	Eprint = {1108.2701},
	Journal = {JHEP},
	Pages = {093},
	Primaryclass = {hep-ph},
	Reportnumber = {MIT-CTP-4287},
	Slaccitation = {%%CITATION = ARXIV:1108.2701;%%},
	Title = {{Maximizing Boosted Top Identification by Minimizing N-subjettiness}},
	Volume = {02},
	Year = {2012},
	Bdsk-Url-1 = {https://doi.org/10.1007/JHEP02(2012)093}}

@article{Thaler:2010tr,
	Archiveprefix = {arXiv},
	Author = {Thaler, Jesse and Van Tilburg, Ken},
	Doi = {10.1007/JHEP03(2011)015},
	Eprint = {1011.2268},
	Journal = {JHEP},
	Pages = {015},
	Primaryclass = {hep-ph},
	Reportnumber = {MIT-CTP-4191},
	Slaccitation = {%%CITATION = ARXIV:1011.2268;%%},
	Title = {{Identifying Boosted Objects with N-subjettiness}},
	Volume = {03},
	Year = {2011},
	Bdsk-Url-1 = {https://doi.org/10.1007/JHEP03(2011)015}}

@article{Chang:2013rca,
	Archiveprefix = {arXiv},
	Author = {Chang, Hsi-Ming and Procura, Massimiliano and Thaler, Jesse and Waalewijn, Wouter J.},
	Doi = {10.1103/PhysRevLett.111.102002},
	Eprint = {1303.6637},
	Journal = {Phys. Rev. Lett.},
	Pages = {102002},
	Primaryclass = {hep-ph},
	Reportnumber = {MIT-CTP-4449, MIT--CTP-4449},
	Slaccitation = {%%CITATION = ARXIV:1303.6637;%%},
	Title = {{Calculating Track-Based Observables for the LHC}},
	Volume = {111},
	Year = {2013},
	Bdsk-Url-1 = {https://doi.org/10.1103/PhysRevLett.111.102002}}

@article{Larkoski:2013eya,
	Archiveprefix = {arXiv},
	Author = {Larkoski, Andrew J. and Salam, Gavin P. and Thaler, Jesse},
	Doi = {10.1007/JHEP06(2013)108},
	Eprint = {1305.0007},
	Journal = {JHEP},
	Pages = {108},
	Primaryclass = {hep-ph},
	Reportnumber = {MIT-CTP-4446, CERN-PH-TH-2013-066, LPN13-026},
	Slaccitation = {%%CITATION = ARXIV:1305.0007;%%},
	Title = {{Energy Correlation Functions for Jet Substructure}},
	Volume = {06},
	Year = {2013},
	Bdsk-Url-1 = {https://doi.org/10.1007/JHEP06(2013)108}}

@article{Moult:2016cvt,
	Archiveprefix = {arXiv},
	Author = {Moult, Ian and Necib, Lina and Thaler, Jesse},
	Doi = {10.1007/JHEP12(2016)153},
	Eprint = {1609.07483},
	Journal = {JHEP},
	Pages = {153},
	Primaryclass = {hep-ph},
	Reportnumber = {MIT-CTP-4825},
	Slaccitation = {%%CITATION = ARXIV:1609.07483;%%},
	Title = {{New Angles on Energy Correlation Functions}},
	Volume = {12},
	Year = {2016},
	Bdsk-Url-1 = {https://doi.org/10.1007/JHEP12(2016)153}}

@article{Pumplin:1991kc,
	Author = {Pumplin, Jon},
	Doi = {10.1103/PhysRevD.44.2025},
	Journal = {Phys. Rev.},
	Pages = {2025-2032},
	Reportnumber = {MSUTH-91-03},
	Slaccitation = {%%CITATION = PHRVA,D44,2025;%%},
	Title = {{How to tell quark jets from gluon jets}},
	Volume = {D44},
	Year = {1991},
	Bdsk-Url-1 = {https://doi.org/10.1103/PhysRevD.44.2025}}

@article{Frye:2017yrw,
	Archiveprefix = {arXiv},
	Author = {Frye, Christopher and Larkoski, Andrew J. and Thaler, Jesse and Zhou, Kevin},
	Doi = {10.1007/JHEP09(2017)083},
	Eprint = {1704.06266},
	Journal = {JHEP},
	Pages = {083},
	Primaryclass = {hep-ph},
	Reportnumber = {MIT-CTP-4987, MIT--CTP-4987},
	Slaccitation = {%%CITATION = ARXIV:1704.06266;%%},
	Title = {{Casimir Meets Poisson: Improved Quark/Gluon Discrimination with Counting Observables}},
	Volume = {09},
	Year = {2017},
	Bdsk-Url-1 = {https://doi.org/10.1007/JHEP09(2017)083}}

@article{Sirunyan:2017ulk,
	Archiveprefix = {arXiv},
	Author = {Sirunyan, A. M. and others},
	Collaboration = {CMS},
	Doi = {10.1088/1748-0221/12/10/P10003},
	Eprint = {1706.04965},
	Journal = {JINST},
	Number = {10},
	Pages = {P10003},
	Primaryclass = {physics.ins-det},
	Reportnumber = {CMS-PRF-14-001, CERN-EP-2017-110},
	Slaccitation = {%%CITATION = ARXIV:1706.04965;%%},
	Title = {{Particle-flow reconstruction and global event description with the CMS detector}},
	Volume = {12},
	Year = {2017},
	Bdsk-Url-1 = {https://doi.org/10.1088/1748-0221/12/10/P10003}}

@article{Aaboud:2017aca,
	Archiveprefix = {arXiv},
	Author = {Aaboud, Morad and others},
	Collaboration = {ATLAS},
	Doi = {10.1140/epjc/s10052-017-5031-2},
	Eprint = {1703.10485},
	Journal = {Eur. Phys. J.},
	Number = {7},
	Pages = {466},
	Primaryclass = {hep-ex},
	Reportnumber = {CERN-EP-2017-024},
	Slaccitation = {%%CITATION = ARXIV:1703.10485;%%},
	Title = {{Jet reconstruction and performance using particle flow with the ATLAS Detector}},
	Volume = {C77},
	Year = {2017},
	Bdsk-Url-1 = {https://doi.org/10.1140/epjc/s10052-017-5031-2}}

@article{Albertsson:2018maf,
	Archiveprefix = {arXiv},
	Author = {Albertsson, Kim and others},
	Eprint = {1807.02876},
	Primaryclass = {physics.comp-ph},
	Reportnumber = {FERMILAB-PUB-18-318-CD-DI-PPD},
	Slaccitation = {%%CITATION = ARXIV:1807.02876;%%},
	Title = {{Machine Learning in High Energy Physics Community White Paper}},
	Year = {2018}}

@article{Guest:2018yhq,
	Archiveprefix = {arXiv},
	Author = {Guest, Dan and Cranmer, Kyle and Whiteson, Daniel},
	Eprint = {1806.11484},
	Primaryclass = {hep-ex},
	Slaccitation = {%%CITATION = ARXIV:1806.11484;%%},
	Title = {{Deep Learning and its Application to LHC Physics}},
	Year = {2018}}

@inbook{Sadowski2018,
	Abstract = {Machine learning is increasingly being used not only in engineering applications such as computer vision and speech recognition, but in data analysis for the natural sciences. Here we describe applications of deep learning to four areas of experimental sub-atomic physics --- high-energy physics, antimatter physics, neutrino physics, and dark matter physics.},
	Address = {Cham},
	Author = {Sadowski, Peter and Baldi, Pierre},
	Booktitle = {Braverman Readings in Machine Learning. Key Ideas from Inception to Current State: International Conference Commemorating the 40th Anniversary of Emmanuil Braverman's Decease, Boston, MA, USA, April 28-30, 2017, Invited Talks},
	Editor = {Rozonoer, Lev and Mirkin, Boris and Muchnik, Ilya},
	Isbn = {978-3-319-99492-5},
	Pages = {269--297},
	Publisher = {Springer International Publishing},
	Title = {Deep Learning in the Natural Sciences: Applications to Physics},
	Year = {2018}}

@article{Radovic:2018dip,
	Author = {Radovic, Alexander and Williams, Mike and Rousseau, David and Kagan, Michael and Bonacorsi, Daniele and Himmel, Alexander and Aurisano, Adam and Terao, Kazuhiro and Wongjirad, Taritree},
	Doi = {10.1038/s41586-018-0361-2},
	Journal = {Nature},
	Number = {7716},
	Pages = {41-48},
	Slaccitation = {%%CITATION = NATUA,560,41;%%},
	Title = {{Machine learning at the energy and intensity frontiers of particle physics}},
	Volume = {560},
	Year = {2018},
	Bdsk-Url-1 = {https://doi.org/10.1038/s41586-018-0361-2}}

@article{Krohn:2012fg,
	Archiveprefix = {arXiv},
	Author = {Krohn, David and Schwartz, Matthew D. and Lin, Tongyan and Waalewijn, Wouter J.},
	Doi = {10.1103/PhysRevLett.110.212001},
	Eprint = {1209.2421},
	Journal = {Phys. Rev. Lett.},
	Number = {21},
	Pages = {212001},
	Primaryclass = {hep-ph},
	Slaccitation = {%%CITATION = ARXIV:1209.2421;%%},
	Title = {{Jet Charge at the LHC}},
	Volume = {110},
	Year = {2013},
	Bdsk-Url-1 = {https://doi.org/10.1103/PhysRevLett.110.212001}}

@inproceedings{tzeng2005opening,
	Author = {Tzeng, F-Y and Ma, K-L},
	Booktitle = {Visualization, 2005. VIS 05. IEEE},
	Organization = {IEEE},
	Pages = {383--390},
	Title = {Opening the black box-data driven visualization of neural networks},
	Year = {2005}}

@article{Larkoski:2014pca,
	Archiveprefix = {arXiv},
	Author = {Larkoski, Andrew J. and Thaler, Jesse and Waalewijn, Wouter J.},
	Doi = {10.1007/JHEP11(2014)129},
	Eprint = {1408.3122},
	Journal = {JHEP},
	Pages = {129},
	Primaryclass = {hep-ph},
	Reportnumber = {MIT--CTP-4572, NIKHEF-2014-026},
	Slaccitation = {%%CITATION = ARXIV:1408.3122;%%},
	Title = {{Gaining (Mutual) Information about Quark/Gluon Discrimination}},
	Volume = {11},
	Year = {2014},
	Bdsk-Url-1 = {https://doi.org/10.1007/JHEP11(2014)129}}

@article{Roxlo:2018adx,
	Archiveprefix = {arXiv},
	Author = {Roxlo, Thomas and Reece, Matthew},
	Eprint = {1804.09278},
	Primaryclass = {hep-ph},
	Slaccitation = {%%CITATION = ARXIV:1804.09278;%%},
	Title = {{Opening the black box of neural nets: case studies in stop/top discrimination}},
	Year = {2018}}

@article{Chang:2017kvc,
	Archiveprefix = {arXiv},
	Author = {Chang, Spencer and Cohen, Timothy and Ostdiek, Bryan},
	Doi = {10.1103/PhysRevD.97.056009},
	Eprint = {1709.10106},
	Journal = {Phys. Rev.},
	Number = {5},
	Pages = {056009},
	Primaryclass = {hep-ph},
	Slaccitation = {%%CITATION = ARXIV:1709.10106;%%},
	Title = {{What is the Machine Learning?}},
	Volume = {D97},
	Year = {2018},
	Bdsk-Url-1 = {https://doi.org/10.1103/PhysRevD.97.056009}}

@article{Andreassen:2018apy,
	Archiveprefix = {arXiv},
	Author = {Andreassen, Anders and Feige, Ilya and Frye, Christopher and Schwartz, Matthew D.},
	Eprint = {1804.09720},
	Primaryclass = {hep-ph},
	Slaccitation = {%%CITATION = ARXIV:1804.09720;%%},
	Title = {{JUNIPR: a Framework for Unsupervised Machine Learning in Particle Physics}},
	Year = {2018}}

@article{Collins:2018epr,
	Archiveprefix = {arXiv},
	Author = {Collins, Jack H. and Howe, Kiel and Nachman, Benjamin},
	Eprint = {1805.02664},
	Primaryclass = {hep-ph},
	Slaccitation = {%%CITATION = ARXIV:1805.02664;%%},
	Title = {{CWoLa Hunting: Extending the Bump Hunt with Machine Learning}},
	Year = {2018}}

@article{Larkoski:2017jix,
	Archiveprefix = {arXiv},
	Author = {Larkoski, Andrew J. and Moult, Ian and Nachman, Benjamin},
	Eprint = {1709.04464},
	Primaryclass = {hep-ph},
	Slaccitation = {%%CITATION = ARXIV:1709.04464;%%},
	Title = {{Jet Substructure at the Large Hadron Collider: A Review of Recent Advances in Theory and Machine Learning}},
	Year = {2017}}

@article{Cogan:2014oua,
	Archiveprefix = {arXiv},
	Author = {Cogan, Josh and Kagan, Michael and Strauss, Emanuel and Schwarztman, Ariel},
	Doi = {10.1007/JHEP02(2015)118},
	Eprint = {1407.5675},
	Journal = {JHEP},
	Pages = {118},
	Primaryclass = {hep-ph},
	Slaccitation = {%%CITATION = ARXIV:1407.5675;%%},
	Title = {{Jet-Images: Computer Vision Inspired Techniques for Jet Tagging}},
	Volume = {02},
	Year = {2015},
	Bdsk-Url-1 = {https://doi.org/10.1007/JHEP02(2015)118}}

@article{deOliveira:2015xxd,
	Archiveprefix = {arXiv},
	Author = {de Oliveira, Luke and Kagan, Michael and Mackey, Lester and Nachman, Benjamin and Schwartzman, Ariel},
	Doi = {10.1007/JHEP07(2016)069},
	Eprint = {1511.05190},
	Journal = {JHEP},
	Pages = {069},
	Primaryclass = {hep-ph},
	Slaccitation = {%%CITATION = ARXIV:1511.05190;%%},
	Title = {{Jet-images --- deep learning edition}},
	Volume = {07},
	Year = {2016},
	Bdsk-Url-1 = {https://doi.org/10.1007/JHEP07(2016)069}}

@article{Chien:2018dfn,
	Archiveprefix = {arXiv},
	Author = {Chien, Yang-Ting and Kunnawalkam Elayavalli, Raghav},
	Eprint = {1803.03589},
	Primaryclass = {hep-ph},
	Reportnumber = {MIT-CTP 4947, WSU-HEP 1802, MIT-CTP-4947, WSU-HEP-1802},
	Slaccitation = {%%CITATION = ARXIV:1803.03589;%%},
	Title = {{Probing heavy ion collisions using quark and gluon jet substructure}},
	Year = {2018}}

@article{Fraser:2018ieu,
	Archiveprefix = {arXiv},
	Author = {Fraser, Katherine and Schwartz, Matthew D.},
	Eprint = {1803.08066},
	Primaryclass = {hep-ph},
	Slaccitation = {%%CITATION = ARXIV:1803.08066;%%},
	Title = {{Jet Charge and Machine Learning}},
	Year = {2018}}

@article{Macaluso:2018tck,
	Archiveprefix = {arXiv},
	Author = {Macaluso, Sebastian and Shih, David},
	Eprint = {1803.00107},
	Primaryclass = {hep-ph},
	Slaccitation = {%%CITATION = ARXIV:1803.00107;%%},
	Title = {{Pulling Out All the Tops with Computer Vision and Deep Learning}},
	Year = {2018}}

@article{Komiske:2017aww,
	Archiveprefix = {arXiv},
	Author = {Komiske, Patrick T. and Metodiev, Eric M. and Thaler, Jesse},
	Doi = {10.1007/JHEP04(2018)013},
	Eprint = {1712.07124},
	Journal = {JHEP},
	Pages = {013},
	Primaryclass = {hep-ph},
	Reportnumber = {MIT-CTP-4965},
	Slaccitation = {%%CITATION = ARXIV:1712.07124;%%},
	Title = {{Energy flow polynomials: A complete linear basis for jet substructure}},
	Volume = {04},
	Year = {2018},
	Bdsk-Url-1 = {https://doi.org/10.1007/JHEP04(2018)013}}

@article{Egan:2017ojy,
	Archiveprefix = {arXiv},
	Author = {Egan, Shannon and Fedorko, Wojciech and Lister, Alison and Pearkes, Jannicke and Gay, Colin},
	Eprint = {1711.09059},
	Primaryclass = {hep-ex},
	Slaccitation = {%%CITATION = ARXIV:1711.09059;%%},
	Title = {{Long Short-Term Memory (LSTM) networks with jet constituents for boosted top tagging at the LHC}},
	Year = {2017}}

@article{Cheng:2017rdo,
      author         = "Cheng, Taoli",
      title          = "{Recursive Neural Networks in Quark/Gluon Tagging}",
      journal        = "Comput. Softw. Big Sci.",
      volume         = "2",
      year           = "2018",
      number         = "1",
      pages          = "3",
      doi            = "10.1007/s41781-018-0007-y",
      eprint         = "1711.02633",
      archivePrefix  = "arXiv",
      primaryClass   = "hep-ph",
      SLACcitation   = "%%CITATION = ARXIV:1711.02633;%%"
}

@article{Datta:2017lxt,
	Archiveprefix = {arXiv},
	Author = {Datta, Kaustuv and Larkoski, Andrew J.},
	Doi = {10.1007/JHEP03(2018)086},
	Eprint = {1710.01305},
	Journal = {JHEP},
	Pages = {086},
	Primaryclass = {hep-ph},
	Slaccitation = {%%CITATION = ARXIV:1710.01305;%%},
	Title = {{Novel Jet Observables from Machine Learning}},
	Volume = {03},
	Year = {2018},
	Bdsk-Url-1 = {https://doi.org/10.1007/JHEP03(2018)086}}

@article{Komiske:2017ubm,
	Archiveprefix = {arXiv},
	Author = {Komiske, Patrick T. and Metodiev, Eric M. and Nachman, Benjamin and Schwartz, Matthew D.},
	Doi = {10.1007/JHEP12(2017)051},
	Eprint = {1707.08600},
	Journal = {JHEP},
	Pages = {051},
	Primaryclass = {hep-ph},
	Reportnumber = {MIT-CTP-4924},
	Slaccitation = {%%CITATION = ARXIV:1707.08600;%%},
	Title = {{Pileup Mitigation with Machine Learning (PUMML)}},
	Volume = {12},
	Year = {2017},
	Bdsk-Url-1 = {https://doi.org/10.1007/JHEP12(2017)051}}

@article{Kasieczka:2017nvn,
	Archiveprefix = {arXiv},
	Author = {Kasieczka, Gregor and Plehn, Tilman and Russell, Michael and Schell, Torben},
	Doi = {10.1007/JHEP05(2017)006},
	Eprint = {1701.08784},
	Journal = {JHEP},
	Pages = {006},
	Primaryclass = {hep-ph},
	Reportnumber = {MCNET-17-07},
	Slaccitation = {%%CITATION = ARXIV:1701.08784;%%},
	Title = {{Deep-learning Top Taggers or The End of QCD?}},
	Volume = {05},
	Year = {2017},
	Bdsk-Url-1 = {https://doi.org/10.1007/JHEP05(2017)006}}

@article{Komiske:2016rsd,
	Archiveprefix = {arXiv},
	Author = {Komiske, Patrick T. and Metodiev, Eric M. and Schwartz, Matthew D.},
	Doi = {10.1007/JHEP01(2017)110},
	Eprint = {1612.01551},
	Journal = {JHEP},
	Pages = {110},
	Primaryclass = {hep-ph},
	Reportnumber = {MIT-CTP-4866},
	Slaccitation = {%%CITATION = ARXIV:1612.01551;%%},
	Title = {{Deep learning in color: towards automated quark/gluon jet discrimination}},
	Volume = {01},
	Year = {2017},
	Bdsk-Url-1 = {https://doi.org/10.1007/JHEP01(2017)110}}

@article{Sjostrand:2014zea,
	Archiveprefix = {arXiv},
	Author = {Sj{\"o}strand, Torbj{\"o}rn and Ask, Stefan and Christiansen, Jesper R. and Corke, Richard and Desai, Nishita and Ilten, Philip and Mrenna, Stephen and Prestel, Stefan and Rasmussen, Christine O. and Skands, Peter Z.},
	Doi = {10.1016/j.cpc.2015.01.024},
	Eprint = {1410.3012},
	Journal = {Comput. Phys. Commun.},
	Pages = {159-177},
	Primaryclass = {hep-ph},
	Reportnumber = {LU-TP-14-36, MCNET-14-22, CERN-PH-TH-2014-190, FERMILAB-PUB-14-316-CD, DESY-14-178, SLAC-PUB-16122},
	Slaccitation = {%%CITATION = ARXIV:1410.3012;%%},
	Title = {{An Introduction to PYTHIA 8.2}},
	Volume = {191},
	Year = {2015},
	Bdsk-Url-1 = {https://doi.org/10.1016/j.cpc.2015.01.024}}

@article{Sjostrand:2006za,
	Archiveprefix = {arXiv},
	Author = {Sjostrand, Torbjorn and Mrenna, Stephen and Skands, Peter Z.},
	Doi = {10.1088/1126-6708/2006/05/026},
	Eprint = {hep-ph/0603175},
	Journal = {JHEP},
	Pages = {026},
	Primaryclass = {hep-ph},
	Reportnumber = {FERMILAB-PUB-06-052-CD-T, LU-TP-06-13},
	Slaccitation = {%%CITATION = HEP-PH/0603175;%%},
	Title = {{PYTHIA 6.4 Physics and Manual}},
	Volume = {05},
	Year = {2006},
	Bdsk-Url-1 = {https://doi.org/10.1088/1126-6708/2006/05/026}}

@article{Cacciari:2008gp,
	Archiveprefix = {arXiv},
	Author = {Cacciari, Matteo and Salam, Gavin P. and Soyez, Gregory},
	Doi = {10.1088/1126-6708/2008/04/063},
	Eprint = {0802.1189},
	Journal = {JHEP},
	Pages = {063},
	Primaryclass = {hep-ph},
	Reportnumber = {LPTHE-07-03},
	Slaccitation = {%%CITATION = ARXIV:0802.1189;%%},
	Title = {{The Anti-k(t) jet clustering algorithm}},
	Volume = {04},
	Year = {2008},
	Bdsk-Url-1 = {https://doi.org/10.1088/1126-6708/2008/04/063}}

@article{Cacciari:2011ma,
	Archiveprefix = {arXiv},
	Author = {Cacciari, Matteo and Salam, Gavin P. and Soyez, Gregory},
	Doi = {10.1140/epjc/s10052-012-1896-2},
	Eprint = {1111.6097},
	Journal = {Eur. Phys. J.},
	Pages = {1896},
	Primaryclass = {hep-ph},
	Reportnumber = {CERN-PH-TH-2011-297},
	Slaccitation = {%%CITATION = ARXIV:1111.6097;%%},
	Title = {{FastJet User Manual}},
	Volume = {C72},
	Year = {2012},
	Bdsk-Url-1 = {https://doi.org/10.1140/epjc/s10052-012-1896-2}}

@misc{keras,
	Author = {Chollet, Fran\c{c}ois},
	Date-Modified = {2018-08-28 11:12:05 -0400},
	Howpublished = {\url{https://github.com/fchollet/keras}},
	Publisher = {GitHub},
	Title = {Keras},
	Year = {2015}}

@inproceedings{tensorflow,
	Author = {Abadi, Mart{\'\i}n and Barham, Paul and Chen, Jianmin and Chen, Zhifeng and Davis, Andy and Dean, Jeffrey and Devin, Matthieu and Ghemawat, Sanjay and Irving, Geoffrey and Isard, Michael and others},
	Booktitle = {OSDI},
	Pages = {265--283},
	Title = {TensorFlow: A System for Large-Scale Machine Learning.},
	Volume = {16},
	Year = {2016}}

@inproceedings{heuniform,
	Author = {He, Kaiming and Zhang, Xiangyu and Ren, Shaoqing and Sun, Jian},
	Booktitle = {Proceedings of the IEEE international conference on computer vision},
	Pages = {1026--1034},
	Title = {Delving deep into rectifiers: Surpassing human-level performance on imagenet classification},
	Year = {2015}}

@inproceedings{relu,
	Author = {Nair, Vinod and Hinton, Geoffrey E},
	Booktitle = {Proceedings of the 27th international conference on machine learning (ICML-10)},
	Date-Modified = {2018-09-18 22:48:55 +0000},
	Pages = {807--814},
	Title = {Rectified linear units improve restricted boltzmann machines},
	Year = {2010}}

@article{Duarte:2018ite,
      author         = "Duarte, Javier and others",
      title          = "{Fast inference of deep neural networks in FPGAs for
                        particle physics}",
      journal        = "JINST",
      volume         = "13",
      year           = "2018",
      number         = "07",
      pages          = "P07027",
      doi            = "10.1088/1748-0221/13/07/P07027",
      eprint         = "1804.06913",
      archivePrefix  = "arXiv",
      primaryClass   = "physics.ins-det",
      reportNumber   = "FERMILAB-PUB-18-089-E",
      SLACcitation   = "%%CITATION = ARXIV:1804.06913;%%"
}

@article{Berger:2003iw,
    author = "Berger, Carola F. and Kucs, Tibor and Sterman, George F.",
    title = "{Event shape / energy flow correlations}",
    eprint = "hep-ph/0303051",
    archivePrefix = "arXiv",
    reportNumber = "YITP-SB-03-06",
    doi = "10.1103/PhysRevD.68.014012",
    journal = "Phys. Rev. D",
    volume = "68",
    pages = "014012",
    year = "2003"
}

@article{Dasgupta:2013ihk,
    author = "Dasgupta, Mrinal and Fregoso, Alessandro and Marzani, Simone and Salam, Gavin P.",
    title = "{Towards an understanding of jet substructure}",
    eprint = "1307.0007",
    archivePrefix = "arXiv",
    primaryClass = "hep-ph",
    reportNumber = "CERN-PH-TH-2013-145, DCPT-13-86, IPPP-13-43, LPN13-036, MAN-HEP-2013-12",
    doi = "10.1007/JHEP09(2013)029",
    journal = "JHEP",
    volume = "09",
    pages = "029",
    year = "2013"
}

@article{Soyez:2012hv,
    author = "Soyez, Gregory and Salam, Gavin P. and Kim, Jihun and Dutta, Souvik and Cacciari, Matteo",
    title = "{Pileup subtraction for jet shapes}",
    eprint = "1211.2811",
    archivePrefix = "arXiv",
    primaryClass = "hep-ph",
    reportNumber = "CERN-PH-TH-2012-300",
    doi = "10.1103/PhysRevLett.110.162001",
    journal = "Phys. Rev. Lett.",
    volume = "110",
    number = "16",
    pages = "162001",
    year = "2013"
}

@article{Tseng:2013dva,
    author = "Tseng, Jeff and Evans, Hannah",
    title = "{Sequential recombination algorithm for jet clustering and background subtraction}",
    eprint = "1304.1025",
    archivePrefix = "arXiv",
    primaryClass = "hep-ph",
    doi = "10.1103/PhysRevD.88.014044",
    journal = "Phys. Rev. D",
    volume = "88",
    pages = "014044",
    year = "2013"
}

@article{Dasgupta:2013via,
    author = "Dasgupta, Mrinal and Fregoso, Alessandro and Marzani, Simone and Powling, Alexander",
    title = "{Jet substructure with analytical methods}",
    eprint = "1307.0013",
    archivePrefix = "arXiv",
    primaryClass = "hep-ph",
    reportNumber = "DCPT-13-88, IPPP-13-44, MAN-HEP-2013-11",
    doi = "10.1140/epjc/s10052-013-2623-3",
    journal = "Eur. Phys. J. C",
    volume = "73",
    number = "11",
    pages = "2623",
    year = "2013"
}

@article{CMS:2011xsa,
    collaboration = "CMS",
    title = "{Jet Substructure Algorithms}",
    reportNumber = "CMS-PAS-JME-10-013",
    month = "8",
    year = "2011"
}

@article{Banfi:2010pa,
    author = "Banfi, Andrea and Dasgupta, Mrinal and Khelifa-Kerfa, Kamel and Marzani, Simone",
    title = "{Non-global logarithms and jet algorithms in high-pT jet shapes}",
    eprint = "1004.3483",
    archivePrefix = "arXiv",
    primaryClass = "hep-ph",
    reportNumber = "MAN-HEP-2010-04",
    doi = "10.1007/JHEP08(2010)064",
    journal = "JHEP",
    volume = "08",
    pages = "064",
    year = "2010"
}

@article{Rubin:2010fc,
    author = "Rubin, Mathieu",
    title = "{Non-Global Logarithms in Filtered Jet Algorithms}",
    eprint = "1002.4557",
    archivePrefix = "arXiv",
    primaryClass = "hep-ph",
    doi = "10.1007/JHEP05(2010)005",
    journal = "JHEP",
    volume = "05",
    pages = "005",
    year = "2010"
}

@article{Feige:2012vc,
    author = "Feige, Ilya and Schwartz, Matthew D. and Stewart, Iain W. and Thaler, Jesse",
    title = "{Precision Jet Substructure from Boosted Event Shapes}",
    eprint = "1204.3898",
    archivePrefix = "arXiv",
    primaryClass = "hep-ph",
    doi = "10.1103/PhysRevLett.109.092001",
    journal = "Phys. Rev. Lett.",
    volume = "109",
    pages = "092001",
    year = "2012"
}

@article{Field:2012rw,
    author = "Field, Matan and Gur-Ari, Guy and Kosower, David A. and Mannelli, Lorenzo and Perez, Gilad",
    title = "{Three-Prong Distribution of Massive Narrow QCD Jets}",
    eprint = "1212.2106",
    archivePrefix = "arXiv",
    primaryClass = "hep-ph",
    reportNumber = "CERN-PH-TH-2012-318",
    doi = "10.1103/PhysRevD.87.094013",
    journal = "Phys. Rev. D",
    volume = "87",
    number = "9",
    pages = "094013",
    year = "2013"
}

@article{Gerwick:2012fw,
    author = "Gerwick, Erik and Schumann, Steffen and Gripaios, Ben and Webber, Bryan",
    title = "{QCD Jet Rates with the Inclusive Generalized kt Algorithms}",
    eprint = "1212.5235",
    archivePrefix = "arXiv",
    primaryClass = "hep-ph",
    doi = "10.1007/JHEP04(2013)089",
    journal = "JHEP",
    volume = "04",
    pages = "089",
    year = "2013"
}

@article{Mateu:2013tx,
    author = "Mateu, Vicent and Stewart, Iain W. and Thaler, Jesse",
    editor = "Berwein, Matthias and Brambilla, Nora and Paul, Stephan",
    title = "{Hadron Mass Effects in Power Corrections to Event Shapes}",
    eprint = "1301.4555",
    archivePrefix = "arXiv",
    primaryClass = "hep-ph",
    reportNumber = "FIC-13-01, LPN13-009, MIT-CTP-4432",
    doi = "10.22323/1.171.0102",
    journal = "PoS",
    volume = "ConfinementX",
    pages = "102",
    year = "2012"
}

@article{Cacciari:2008gn,
    author = "Cacciari, Matteo and Salam, Gavin P. and Soyez, Gregory",
    title = "{The Catchment Area of Jets}",
    eprint = "0802.1188",
    archivePrefix = "arXiv",
    primaryClass = "hep-ph",
    reportNumber = "LPTHE-07-02",
    doi = "10.1088/1126-6708/2008/04/005",
    journal = "JHEP",
    volume = "04",
    pages = "005",
    year = "2008"
}

@article{Bertolini:2013iqa,
    author = "Bertolini, Daniele and Chan, Tucker and Thaler, Jesse",
    title = "{Jet Observables Without Jet Algorithms}",
    eprint = "1310.7584",
    archivePrefix = "arXiv",
    primaryClass = "hep-ph",
    reportNumber = "MIT-CTP-4502",
    doi = "10.1007/JHEP04(2014)013",
    journal = "JHEP",
    volume = "04",
    pages = "013",
    year = "2014"
}

@article{Dokshitzer:1997in,
    author = "Dokshitzer, Yuri L. and Leder, G. D. and Moretti, S. and Webber, B. R.",
    title = "{Better jet clustering algorithms}",
    eprint = "hep-ph/9707323",
    archivePrefix = "arXiv",
    reportNumber = "CAVENDISH-HEP-97-06",
    doi = "10.1088/1126-6708/1997/08/001",
    journal = "JHEP",
    volume = "08",
    pages = "001",
    year = "1997"
}

@inproceedings{Wobisch:1998wt,
    author = "Wobisch, M. and Wengler, T.",
    title = "{Hadronization corrections to jet cross-sections in deep inelastic scattering}",
    booktitle = "{Workshop on Monte Carlo Generators for HERA Physics (Plenary Starting Meeting)}",
    eprint = "hep-ph/9907280",
    archivePrefix = "arXiv",
    reportNumber = "PITHA-99-16",
    pages = "270--279",
    month = "4",
    year = "1998"
}

@article{Catani:1993hr,
    author = "Catani, S. and Dokshitzer, Yuri L. and Seymour, M. H. and Webber, B. R.",
    title = "{Longitudinally invariant $K_t$ clustering algorithms for hadron hadron collisions}",
    reportNumber = "CERN-TH-6775-93, LU-TP-93-2",
    doi = "10.1016/0550-3213(93)90166-M",
    journal = "Nucl. Phys. B",
    volume = "406",
    pages = "187--224",
    year = "1993"
}

@article{Ellis:1993tq,
    author = "Ellis, Stephen D. and Soper, Davison E.",
    title = "{Successive combination jet algorithm for hadron collisions}",
    eprint = "hep-ph/9305266",
    archivePrefix = "arXiv",
    reportNumber = "CERN-TH-6860-93",
    doi = "10.1103/PhysRevD.48.3160",
    journal = "Phys. Rev. D",
    volume = "48",
    pages = "3160--3166",
    year = "1993"
}

@article{Sjostrand:2007gs,
    author = "Sjostrand, Torbjorn and Mrenna, Stephen and Skands, Peter Z.",
    title = "{A Brief Introduction to PYTHIA 8.1}",
    eprint = "0710.3820",
    archivePrefix = "arXiv",
    primaryClass = "hep-ph",
    reportNumber = "CERN-LCGAPP-2007-04, LU-TP-07-28, FERMILAB-PUB-07-512-CD-T",
    doi = "10.1016/j.cpc.2008.01.036",
    journal = "Comput. Phys. Commun.",
    volume = "178",
    pages = "852--867",
    year = "2008"
}

@article{Corke:2010yf,
    author = "Corke, Richard and Sjostrand, Torbjorn",
    title = "{Interleaved Parton Showers and Tuning Prospects}",
    eprint = "1011.1759",
    archivePrefix = "arXiv",
    primaryClass = "hep-ph",
    reportNumber = "LU-TP-10-26, MCNET-10-20",
    doi = "10.1007/JHEP03(2011)032",
    journal = "JHEP",
    volume = "03",
    pages = "032",
    year = "2011"
}

@article{Ellis:2010rwa,
    author = "Ellis, Stephen D. and Vermilion, Christopher K. and Walsh, Jonathan R. and Hornig, Andrew and Lee, Christopher",
    title = "{Jet Shapes and Jet Algorithms in SCET}",
    eprint = "1001.0014",
    archivePrefix = "arXiv",
    primaryClass = "hep-ph",
    doi = "10.1007/JHEP11(2010)101",
    journal = "JHEP",
    volume = "11",
    pages = "101",
    year = "2010"
}

@article{Sapeta:2010uk,
    author = "Sapeta, Sebastian and Zhang, Qi Cheng",
    title = "{The mass area of jets}",
    eprint = "1009.1143",
    archivePrefix = "arXiv",
    primaryClass = "hep-ph",
    doi = "10.1007/JHEP06(2011)038",
    journal = "JHEP",
    volume = "06",
    pages = "038",
    year = "2011"
}

@article{Ellis:2009su,
    author = "Ellis, Stephen D. and Vermilion, Christopher K. and Walsh, Jonathan R.",
    title = "{Techniques for improved heavy particle searches with jet substructure}",
    eprint = "0903.5081",
    archivePrefix = "arXiv",
    primaryClass = "hep-ph",
    doi = "10.1103/PhysRevD.80.051501",
    journal = "Phys. Rev. D",
    volume = "80",
    pages = "051501",
    year = "2009"
}

@article{Krohn:2009th,
    author = "Krohn, David and Thaler, Jesse and Wang, Lian-Tao",
    title = "{Jet Trimming}",
    eprint = "0912.1342",
    archivePrefix = "arXiv",
    primaryClass = "hep-ph",
    doi = "10.1007/JHEP02(2010)084",
    journal = "JHEP",
    volume = "02",
    pages = "084",
    year = "2010"
}

@article{Ellis:2009me,
    author = "Ellis, Stephen D. and Vermilion, Christopher K. and Walsh, Jonathan R.",
    title = "{Recombination Algorithms and Jet Substructure: Pruning as a Tool for Heavy Particle Searches}",
    eprint = "0912.0033",
    archivePrefix = "arXiv",
    primaryClass = "hep-ph",
    doi = "10.1103/PhysRevD.81.094023",
    journal = "Phys. Rev. D",
    volume = "81",
    pages = "094023",
    year = "2010"
}

@article{Butterworth:2008iy,
    author = "Butterworth, Jonathan M. and Davison, Adam R. and Rubin, Mathieu and Salam, Gavin P.",
    title = "{Jet substructure as a new Higgs search channel at the LHC}",
    eprint = "0802.2470",
    archivePrefix = "arXiv",
    primaryClass = "hep-ph",
    doi = "10.1103/PhysRevLett.100.242001",
    journal = "Phys. Rev. Lett.",
    volume = "100",
    pages = "242001",
    year = "2008"
}

@article{Cacciari:2007fd,
    author = "Cacciari, Matteo and Salam, Gavin P.",
    title = "{Pileup subtraction using jet areas}",
    eprint = "0707.1378",
    archivePrefix = "arXiv",
    primaryClass = "hep-ph",
    reportNumber = "LPTHE-07-01",
    doi = "10.1016/j.physletb.2007.09.077",
    journal = "Phys. Lett. B",
    volume = "659",
    pages = "119--126",
    year = "2008"
}

@article{Alon:2011xb,
    author = "Alon, Raz and Duchovni, Ehud and Perez, Gilad and Pranko, Aliaksandr P. and Sinervo, Pekka K.",
    title = "{A Data-driven method of pile-up correction for the substructure of massive jets}",
    eprint = "1101.3002",
    archivePrefix = "arXiv",
    primaryClass = "hep-ph",
    doi = "10.1103/PhysRevD.84.114025",
    journal = "Phys. Rev. D",
    volume = "84",
    pages = "114025",
    year = "2011"
}

@article{Krohn:2013lba,
    author = "Krohn, David and Schwartz, Matthew D. and Low, Matthew and Wang, Lian-Tao",
    title = "{Jet Cleansing: Pileup Removal at High Luminosity}",
    eprint = "1309.4777",
    archivePrefix = "arXiv",
    primaryClass = "hep-ph",
    doi = "10.1103/PhysRevD.90.065020",
    journal = "Phys. Rev. D",
    volume = "90",
    number = "6",
    pages = "065020",
    year = "2014"
}

@article{TheATLAScollaboration:2013pia,
    collaboration = "ATLAS",
    title = "{Pile-up subtraction and suppression for jets in ATLAS}",
    reportNumber = "ATLAS-CONF-2013-083",
    month = "8",
    year = "2013"
}

@article{TheATLAScollaboration:2013ria,
    collaboration = "ATLAS",
    title = "{Performance of pile-up subtraction for jet shapes}",
    reportNumber = "ATLAS-CONF-2013-085",
    month = "8",
    year = "2013"
}

@article{Chatrchyan:2012tt,
    author = "Chatrchyan, Serguei and others",
    collaboration = "CMS",
    title = "{Measurement of the Underlying Event Activity in $pp$ Collisions at $\sqrt{s} = 0.9$ and 7 TeV with the Novel Jet-Area/Median Approach}",
    eprint = "1207.2392",
    archivePrefix = "arXiv",
    primaryClass = "hep-ex",
    reportNumber = "CMS-QCD-10-021, CERN-PH-EP-2012-152",
    doi = "10.1007/JHEP08(2012)130",
    journal = "JHEP",
    volume = "08",
    pages = "130",
    year = "2012"
}

@article{CMS:2013wea,
    collaboration = "CMS",
    title = "{Pileup Jet Identification}",
    reportNumber = "CMS-PAS-JME-13-005",
    month = "10",
    year = "2013"
}

@article{Sirunyan:2020foa,
    author = "Sirunyan, Albert M and others",
    collaboration = "CMS",
    title = "{Pileup mitigation at CMS in 13 TeV data}",
    eprint = "2003.00503",
    archivePrefix = "arXiv",
    primaryClass = "hep-ex",
    reportNumber = "CMS-JME-18-001, CERN-EP-2020-017",
    doi = "10.1088/1748-0221/15/09/P09018",
    journal = "JINST",
    volume = "15",
    number = "09",
    pages = "P09018",
    year = "2020"
}

@article{Chatrchyan:2012mec,
    author = "Chatrchyan, Serguei and others",
    collaboration = "CMS",
    title = "{Shape, Transverse Size, and Charged Hadron Multiplicity of Jets in pp Collisions at 7 TeV}",
    eprint = "1204.3170",
    archivePrefix = "arXiv",
    primaryClass = "hep-ex",
    reportNumber = "CMS-QCD-10-029, CERN-PH-EP-2012-079",
    doi = "10.1007/JHEP06(2012)160",
    journal = "JHEP",
    volume = "06",
    pages = "160",
    year = "2012"
}

@article{Thaler:2008ju,
    author = "Thaler, Jesse and Wang, Lian-Tao",
    title = "{Strategies to Identify Boosted Tops}",
    eprint = "0806.0023",
    archivePrefix = "arXiv",
    primaryClass = "hep-ph",
    doi = "10.1088/1126-6708/2008/07/092",
    journal = "JHEP",
    volume = "07",
    pages = "092",
    year = "2008"
}

@article{CMS:2009fxa,
    collaboration = "CMS",
    title = "{Search for High Mass tt Resonances in the All-Hadronic Mode}",
    reportNumber = "CMS-PAS-EXO-09-002",
    month = "6",
    year = "2009"
}

@article{CMS:2009lxa,
    collaboration = "CMS",
    title = "{A Cambridge-Aachen (C-A) based Jet Algorithm for boosted top-jet tagging}",
    reportNumber = "CMS-PAS-JME-09-001",
    month = "7",
    year = "2009"
}

@article{ATLAS:2009hdz,
    collaboration = "ATLAS",
    title = "{Reconstruction of High Mass $t\overline{t}$ Resonances in the Lepton+Jets Channel}",
    reportNumber = "ATL-PHYS-PUB-2009-081, ATL-COM-PHYS-2009-255",
    month = "5",
    year = "2009"
}

@article{ATLAS:2010rhr,
    collaboration = "ATLAS",
    title = "{Prospects for early $t\overline{t}$ resonance searches in ATLAS}",
    reportNumber = "ATL-PHYS-PUB-2010-008",
    year = "2010"
}

@article{MERINO:2013tta,
    author = "Llorente, Javier",
    editor = "Kajfasz, E.",
    collaboration = "ATLAS",
    title = "{Measurement of jet shapes in top pair events at $\sqrt s=7$ TeV using the ATLAS detector}",
    doi = "10.22323/1.191.0142",
    journal = "PoS",
    volume = "DIS2013",
    pages = "142",
    year = "2013"
}

@article{TheATLAScollaboration:2013qia,
    collaboration = "ATLAS",
    title = "{Performance of boosted top quark identification in 2012 ATLAS data}",
    reportNumber = "ATLAS-CONF-2013-084",
    month = "8",
    year = "2013"
}

@article{CMS:2013vea,
    collaboration = "CMS",
    title = "{Performance of b tagging at sqrt(s)=8 TeV in multijet, ttbar and boosted topology events}",
    reportNumber = "CMS-PAS-BTV-13-001",
    month = "10",
    year = "2013"
}

@article{Katz:2010mr,
    author = "Katz, Andrey and Son, Minho and Tweedie, Brock",
    title = "{Jet Substructure and the Search for Neutral Spin-One Resonances in Electroweak Boson Channels}",
    eprint = "1010.5253",
    archivePrefix = "arXiv",
    primaryClass = "hep-ph",
    reportNumber = "UMD-PP-10-017",
    doi = "10.1007/JHEP03(2011)011",
    journal = "JHEP",
    volume = "03",
    pages = "011",
    year = "2011"
}

@article{Cui:2010km,
    author = "Cui, Yanou and Han, Zhenyu and Schwartz, Matthew D.",
    title = "{W-jet Tagging: Optimizing the Identification of Boosted Hadronically-Decaying W Bosons}",
    eprint = "1012.2077",
    archivePrefix = "arXiv",
    primaryClass = "hep-ph",
    doi = "10.1103/PhysRevD.83.074023",
    journal = "Phys. Rev. D",
    volume = "83",
    pages = "074023",
    year = "2011"
}

@article{Hook:2011cq,
    author = "Hook, Anson and Jankowiak, Martin and Wacker, Jay G.",
    title = "{Jet Dipolarity: Top Tagging with Color Flow}",
    eprint = "1102.1012",
    archivePrefix = "arXiv",
    primaryClass = "hep-ph",
    reportNumber = "SLAC-PUB-14369, SU-ITP-11-03",
    doi = "10.1007/JHEP04(2012)007",
    journal = "JHEP",
    volume = "04",
    pages = "007",
    year = "2012"
}

@article{Soper:2012pb,
    author = "Soper, Davison E. and Spannowsky, Michael",
    title = "{Finding top quarks with shower deconstruction}",
    eprint = "1211.3140",
    archivePrefix = "arXiv",
    primaryClass = "hep-ph",
    reportNumber = "IPPP-12-83, DCPT-12-166",
    doi = "10.1103/PhysRevD.87.054012",
    journal = "Phys. Rev. D",
    volume = "87",
    pages = "054012",
    year = "2013"
}

@article{Backovic:2013bga,
    author = "Backovic, Mihailo and Gabizon, Ofir and Juknevich, Jose and Perez, Gilad and Soreq, Yotam",
    title = "{Measuring boosted tops in semi-leptonic $t\bar t$ events for the standard model and beyond}",
    eprint = "1311.2962",
    archivePrefix = "arXiv",
    primaryClass = "hep-ph",
    reportNumber = "CERN-PH-TH-2013-260, SISSA-52-2013-FISI",
    doi = "10.1007/JHEP04(2014)176",
    journal = "JHEP",
    volume = "04",
    pages = "176",
    year = "2014"
}

@article{CMS:2013uea,
    collaboration = "CMS",
    title = "{Identifying Hadronically Decaying Vector Bosons Merged into a Single Jet}",
    reportNumber = "CMS-PAS-JME-13-006",
    month = "10",
    year = "2013"
}

@article{Chatrchyan:2013rla,
    author = "Chatrchyan, Serguei and others",
    collaboration = "CMS",
    title = "{Studies of Jet Mass in Dijet and W/Z + Jet Events}",
    eprint = "1303.4811",
    archivePrefix = "arXiv",
    primaryClass = "hep-ex",
    reportNumber = "CMS-SMP-12-019, CERN-PH-EP-2013-016",
    doi = "10.1007/JHEP05(2013)090",
    journal = "JHEP",
    volume = "05",
    pages = "090",
    year = "2013"
}


@article{ATLAS:2011rga,
    collaboration = "ATLAS",
    title = "{Light-quark and Gluon Jets in ATLAS}",
    reportNumber = "ATLAS-CONF-2011-053",
    month = "4",
    year = "2011"
}

@article{ATLAS:2012jla,
    collaboration = "ATLAS",
    title = "{Studies of the impact and mitigation of pile-up on large-$R$ and groomed jets in ATLAS at $\sqrt{s}=7$ TeV}",
    reportNumber = "ATLAS-CONF-2012-066",
    month = "7",
    year = "2012"
}

@article{Dasgupta:2012hg,
    author = "Dasgupta, Mrinal and Khelifa-Kerfa, Kamel and Marzani, Simone and Spannowsky, Michael",
    title = "{On jet mass distributions in Z+jet and dijet processes at the LHC}",
    eprint = "1207.1640",
    archivePrefix = "arXiv",
    primaryClass = "hep-ph",
    reportNumber = "DCPT-12-96, IPPP-12-48, MAN-HEP-2012-08",
    doi = "10.1007/JHEP10(2012)126",
    journal = "JHEP",
    volume = "10",
    pages = "126",
    year = "2012"
}

@article{Kribs:2009yh,
    author = "Kribs, Graham D. and Martin, Adam and Roy, Tuhin S. and Spannowsky, Michael",
    title = "{Discovering the Higgs Boson in New Physics Events using Jet Substructure}",
    eprint = "0912.4731",
    archivePrefix = "arXiv",
    primaryClass = "hep-ph",
    reportNumber = "FERMILAB-PUB-09-639-T",
    doi = "10.1103/PhysRevD.81.111501",
    journal = "Phys. Rev. D",
    volume = "81",
    pages = "111501",
    year = "2010"
}

@article{Chen:2010wk,
    author = "Chen, Chuan-Ren and Nojiri, Mihoko M. and Sreethawong, Warintorn",
    title = "{Search for the Elusive Higgs Boson Using Jet Structure at LHC}",
    eprint = "1006.1151",
    archivePrefix = "arXiv",
    primaryClass = "hep-ph",
    reportNumber = "KEK-TH-1369, IPMU-10-0091",
    doi = "10.1007/JHEP11(2010)012",
    journal = "JHEP",
    volume = "11",
    pages = "012",
    year = "2010"
}

@article{Hackstein:2010wk,
    author = "Hackstein, Christoph and Spannowsky, Michael",
    title = "{Boosting Higgs discovery: The Forgotten channel}",
    eprint = "1008.2202",
    archivePrefix = "arXiv",
    primaryClass = "hep-ph",
    reportNumber = "IEKP-KA-2010-18, KA-TP-27-2010",
    doi = "10.1103/PhysRevD.82.113012",
    journal = "Phys. Rev. D",
    volume = "82",
    pages = "113012",
    year = "2010"
}

@article{Kim:2010uj,
    author = "Kim, Ji-Hun",
    title = "{Rest Frame Subjet Algorithm With SISCone Jet For Fully Hadronic Decaying Higgs Search}",
    eprint = "1011.1493",
    archivePrefix = "arXiv",
    primaryClass = "hep-ph",
    reportNumber = "CERN-PH-TH-2010-276",
    doi = "10.1103/PhysRevD.83.011502",
    journal = "Phys. Rev. D",
    volume = "83",
    pages = "011502",
    year = "2011"
}

@article{Almeida:2011aa,
    author = "Almeida, Leandro G. and Erdogan, Ozan and Juknevich, Jose and Lee, Seung J. and Perez, Gilad and Sterman, George",
    title = "{Three-particle templates for a boosted Higgs boson}",
    eprint = "1112.1957",
    archivePrefix = "arXiv",
    primaryClass = "hep-ph",
    reportNumber = "YITP-SB-11-46, CERN-PH-TH-2012-031",
    doi = "10.1103/PhysRevD.85.114046",
    journal = "Phys. Rev. D",
    volume = "85",
    pages = "114046",
    year = "2012"
}

@article{CMS:2018fvm,
    collaboration = "CMS",
    title = "{Search for the standard model Higgs boson in the dilepton plus photon channel in $\mathrm{p}\mathrm{p}$ collisions at $\sqrt{s}=13~\mathrm{TeV}$}",
    reportNumber = "CMS-PAS-HIG-17-007",
    month = "3",
    year = "2018"
}

@article{Vernieri:2014wfa,
    author = "Vernieri, Caterina",
    editor = "Aguilar-Ben\'\i{}tez, M and Fuster, J and Mart\'\i{}-Garc\'\i{}a, S and Santamar\'\i{}a, A",
    collaboration = "CMS",
    title = "{Search for the Higgs boson in the $\mathrm{b\bar{b}}$ decay channel using the CMS detector}",
    eprint = "1411.4362",
    archivePrefix = "arXiv",
    primaryClass = "hep-ex",
    doi = "10.1016/j.nuclphysbps.2015.09.112",
    journal = "Nucl. Part. Phys. Proc.",
    volume = "273-275",
    pages = "733--739",
    year = "2016"
}

@phdthesis{Pandolfi:2012ima,
    author = "Pandolfi, Francesco",
    title = "{Search for the Standard Model Higgs Boson in the $H \to ZZ \to l^{+}l^{-}q\overline{q}$ Decay Channel at CMS}",
    reportNumber = "CERN-THESIS-2012-179, CMS-TS-2012-032",
    doi = "10.1007/978-3-319-00903-2",
    school = "Zurich, ETH",
    address = "New York",
    year = "2012"
}

@article{Jouttenus:2013hs,
    author = "Jouttenus, Teppo T. and Stewart, Iain W. and Tackmann, Frank J. and Waalewijn, Wouter J.",
    title = "{Jet mass spectra in Higgs boson plus one jet at next-to-next-to-leading logarithmic order}",
    eprint = "1302.0846",
    archivePrefix = "arXiv",
    primaryClass = "hep-ph",
    reportNumber = "MIT-CTP-4427, DESY-12-222",
    doi = "10.1103/PhysRevD.88.054031",
    journal = "Phys. Rev. D",
    volume = "88",
    number = "5",
    pages = "054031",
    year = "2013"
}

@article{Dokshitzer:1998kz,
    author = "Dokshitzer, Yuri L. and Lucenti, A. and Marchesini, G. and Salam, G. P.",
    title = "{On the QCD analysis of jet broadening}",
    eprint = "hep-ph/9801324",
    archivePrefix = "arXiv",
    reportNumber = "IFUM-602-FT",
    doi = "10.1088/1126-6708/1998/01/011",
    journal = "JHEP",
    volume = "01",
    pages = "011",
    year = "1998"
}

@article{Dasgupta:2001sh,
    author = "Dasgupta, M. and Salam, G. P.",
    title = "{Resummation of nonglobal QCD observables}",
    eprint = "hep-ph/0104277",
    archivePrefix = "arXiv",
    reportNumber = "DESY-01-055, CERN-TH-2001-110, LPTHE-01-21",
    doi = "10.1016/S0370-2693(01)00725-0",
    journal = "Phys. Lett. B",
    volume = "512",
    pages = "323--330",
    year = "2001"
}

@article{Li:2012bw,
    author = "Li, Hsiang-nan and Li, Zhao and Yuan, C. -P.",
    title = "{QCD resummation for light-particle jets}",
    eprint = "1206.1344",
    archivePrefix = "arXiv",
    primaryClass = "hep-ph",
    doi = "10.1103/PhysRevD.87.074025",
    journal = "Phys. Rev. D",
    volume = "87",
    pages = "074025",
    year = "2013"
}

@article{Chien:2012ur,
    author = "Chien, Yang-Ting and Kelley, Randall and Schwartz, Matthew D. and Zhu, Hua Xing",
    title = "{Resummation of Jet Mass at Hadron Colliders}",
    eprint = "1208.0010",
    archivePrefix = "arXiv",
    primaryClass = "hep-ph",
    reportNumber = "IFT-UAM-CSIC-11-96",
    doi = "10.1103/PhysRevD.87.014010",
    journal = "Phys. Rev. D",
    volume = "87",
    number = "1",
    pages = "014010",
    year = "2013"
}

@article{Banfi:2004yd,
    author = "Banfi, Andrea and Salam, Gavin P. and Zanderighi, Giulia",
    title = "{Principles of general final-state resummation and automated implementation}",
    eprint = "hep-ph/0407286",
    archivePrefix = "arXiv",
    reportNumber = "FERMILAB-PUB-04-116-T, LPTHE-04-16, NIKHEF-2004-005",
    doi = "10.1088/1126-6708/2005/03/073",
    journal = "JHEP",
    volume = "03",
    pages = "073",
    year = "2005"
}

@article{Catani:1992ua,
    author = "Catani, S. and Trentadue, L. and Turnock, G. and Webber, B. R.",
    title = "{Resummation of large logarithms in e+ e- event shape distributions}",
    reportNumber = "CERN-TH-6640-92, CAVENDISH-HEP-91-11",
    doi = "10.1016/0550-3213(93)90271-P",
    journal = "Nucl. Phys. B",
    volume = "407",
    pages = "3--42",
    year = "1993"
}

@article{Hatta:2013iba,
    author = "Hatta, Yoshitaka and Ueda, Takahiro",
    title = "{Resummation of non-global logarithms at finite $N_c$}",
    eprint = "1304.6930",
    archivePrefix = "arXiv",
    primaryClass = "hep-ph",
    doi = "10.1016/j.nuclphysb.2013.06.021",
    journal = "Nucl. Phys. B",
    volume = "874",
    pages = "808--820",
    year = "2013"
}

@article{Banfi:2005gj,
    author = "Banfi, A. and Dasgupta, M.",
    title = "{Problems in resumming interjet energy flows with $k_t$ clustering}",
    eprint = "hep-ph/0508159",
    archivePrefix = "arXiv",
    doi = "10.1016/j.physletb.2005.08.125",
    journal = "Phys. Lett. B",
    volume = "628",
    pages = "49--56",
    year = "2005"
}

@article{Walsh:2011fz,
    author = "Walsh, Jonathan R. and Zuberi, Saba",
    title = "{Factorization Constraints on Jet Substructure}",
    eprint = "1110.5333",
    archivePrefix = "arXiv",
    primaryClass = "hep-ph",
    reportNumber = "INT-PUB-11-050",
    month = "10",
    year = "2011"
}

@article{Komiske:2020qhg,
    author = "Komiske, Patrick T. and Metodiev, Eric M. and Thaler, Jesse",
    title = "{The Hidden Geometry of Particle Collisions}",
    eprint = "2004.04159",
    archivePrefix = "arXiv",
    primaryClass = "hep-ph",
    reportNumber = "MIT-CTP 5185",
    doi = "10.1007/JHEP07(2020)006",
    journal = "JHEP",
    volume = "07",
    pages = "006",
    year = "2020"
}

@article{Plehn:2010st,
    author = "Plehn, Tilman and Spannowsky, Michael and Takeuchi, Michihisa and Zerwas, Dirk",
    title = "{Stop Reconstruction with Tagged Tops}",
    eprint = "1006.2833",
    archivePrefix = "arXiv",
    primaryClass = "hep-ph",
    doi = "10.1007/JHEP10(2010)078",
    journal = "JHEP",
    volume = "10",
    pages = "078",
    year = "2010"
}

@article{Frye:2016aiz,
    author = "Frye, Christopher and Larkoski, Andrew J. and Schwartz, Matthew D. and Yan, Kai",
    title = "{Factorization for groomed jet substructure beyond the next-to-leading logarithm}",
    eprint = "1603.09338",
    archivePrefix = "arXiv",
    primaryClass = "hep-ph",
    doi = "10.1007/JHEP07(2016)064",
    journal = "JHEP",
    volume = "07",
    pages = "064",
    year = "2016"
}

@article{Frye:2016okc,
    author = "Frye, Christopher and Larkoski, Andrew J. and Schwartz, Matthew D. and Yan, Kai",
    title = "{Precision physics with pile-up insensitive observables}",
    eprint = "1603.06375",
    archivePrefix = "arXiv",
    primaryClass = "hep-ph",
    month = "3",
    year = "2016"
}

@article{Larkoski:2014gra,
    author = "Larkoski, Andrew J. and Moult, Ian and Neill, Duff",
    title = "{Power Counting to Better Jet Observables}",
    eprint = "1409.6298",
    archivePrefix = "arXiv",
    primaryClass = "hep-ph",
    reportNumber = "MIT--CTP-4588",
    doi = "10.1007/JHEP12(2014)009",
    journal = "JHEP",
    volume = "12",
    pages = "009",
    year = "2014"
}

@article{Almeida:2008yp,
    author = "Almeida, Leandro G. and Lee, Seung J. and Perez, Gilad and Sterman, George F. and Sung, Ilmo and Virzi, Joseph",
    title = "{Substructure of high-$p_T$ Jets at the LHC}",
    eprint = "0807.0234",
    archivePrefix = "arXiv",
    primaryClass = "hep-ph",
    reportNumber = "YITP-SB-08-31",
    doi = "10.1103/PhysRevD.79.074017",
    journal = "Phys. Rev. D",
    volume = "79",
    pages = "074017",
    year = "2009"
}

@article{Monk:2018clo,
    author = "Hansen, Peter and Monk, James W. and Wiglesworth, Craig",
    title = "{A Wavelet Based Pile-Up Mitigation Method for the LHC Upgrade}",
    eprint = "1812.07412",
    archivePrefix = "arXiv",
    primaryClass = "hep-ph",
    month = "12",
    year = "2018"
}

@article{Martinez:2018fwc,
    author = "Arjona Mart\'\i{}nez, J. and Cerri, Olmo and Pierini, Maurizio and Spiropulu, Maria and Vlimant, Jean-Roch",
    title = "{Pileup mitigation at the Large Hadron Collider with graph neural networks}",
    eprint = "1810.07988",
    archivePrefix = "arXiv",
    primaryClass = "hep-ph",
    doi = "10.1140/epjp/i2019-12710-3",
    journal = "Eur. Phys. J. Plus",
    volume = "134",
    number = "7",
    pages = "333",
    year = "2019"
}

@article{Larkoski:2017iuy,
    author = "Larkoski, Andrew J. and Moult, Ian and Neill, Duff",
    title = "{Analytic Boosted Boson Discrimination at the Large Hadron Collider}",
    eprint = "1708.06760",
    archivePrefix = "arXiv",
    primaryClass = "hep-ph",
    month = "8",
    year = "2017"
}

@article{Procura:2014cba,
    author = "Procura, Massimiliano and Waalewijn, Wouter J. and Zeune, Lisa",
    title = "{Resummation of Double-Differential Cross Sections and Fully-Unintegrated Parton Distribution Functions}",
    eprint = "1410.6483",
    archivePrefix = "arXiv",
    primaryClass = "hep-ph",
    reportNumber = "NIKHEF-2014-043",
    doi = "10.1007/JHEP02(2015)117",
    journal = "JHEP",
    volume = "02",
    pages = "117",
    year = "2015"
}

@article{Dasgupta:2016ktv,
    author = "Dasgupta, Mrinal and Powling, Alexander and Schunk, Lais and Soyez, Gregory",
    title = "{Improved jet substructure methods: Y-splitter and variants with grooming}",
    eprint = "1609.07149",
    archivePrefix = "arXiv",
    primaryClass = "hep-ph",
    doi = "10.1007/JHEP12(2016)079",
    journal = "JHEP",
    volume = "12",
    pages = "079",
    year = "2016"
}

@article{Larkoski:2017cqq,
    author = "Larkoski, Andrew J. and Moult, Ian and Neill, Duff",
    title = "{Factorization and Resummation for Groomed Multi-Prong Jet Shapes}",
    eprint = "1710.00014",
    archivePrefix = "arXiv",
    primaryClass = "hep-ph",
    doi = "10.1007/JHEP02(2018)144",
    journal = "JHEP",
    volume = "02",
    pages = "144",
    year = "2018"
}

@article{Ligeti:2008ac,
    author = "Ligeti, Zoltan and Stewart, Iain W. and Tackmann, Frank J.",
    title = "{Treating the b quark distribution function with reliable uncertainties}",
    eprint = "0807.1926",
    archivePrefix = "arXiv",
    primaryClass = "hep-ph",
    reportNumber = "MIT-CTP-3955",
    doi = "10.1103/PhysRevD.78.114014",
    journal = "Phys. Rev. D",
    volume = "78",
    pages = "114014",
    year = "2008"
}

@article{Ebert:2016gcn,
    author = "Ebert, Markus A. and Tackmann, Frank J.",
    title = "{Resummation of Transverse Momentum Distributions in Distribution Space}",
    eprint = "1611.08610",
    archivePrefix = "arXiv",
    primaryClass = "hep-ph",
    reportNumber = "DESY-16-215",
    doi = "10.1007/JHEP02(2017)110",
    journal = "JHEP",
    volume = "02",
    pages = "110",
    year = "2017"
}

@article{Fleming:2007xt,
    author = "Fleming, Sean and Hoang, Andre H. and Mantry, Sonny and Stewart, Iain W.",
    title = "{Top Jets in the Peak Region: Factorization Analysis with NLL Resummation}",
    eprint = "0711.2079",
    archivePrefix = "arXiv",
    primaryClass = "hep-ph",
    reportNumber = "MIT-CTP-3868, CALT-68-2625, MPP-2007-103",
    doi = "10.1103/PhysRevD.77.114003",
    journal = "Phys. Rev. D",
    volume = "77",
    pages = "114003",
    year = "2008"
}



%%%%%%%%%%%%%%%%%%%%%%%%%%%%%%%%%%%%%%%%
% DGLAP Splitting Functions:
%%%%%%%%%%%%%%%%%%%%%%%%%%%%%%%%%%%%%%%%
@article{Gribov:1972ri,
    author = "Gribov, V. N. and Lipatov, L. N.",
    title = "{Deep inelastic e p scattering in perturbation theory}",
    reportNumber = "IPTI-381-71",
    journal = "Sov. J. Nucl. Phys.",
    volume = "15",
    pages = "438--450",
    year = "1972"
}
@article{Altarelli:1977zs,
    author = "Altarelli, Guido and Parisi, G.",
    title = "{Asymptotic Freedom in Parton Language}",
    reportNumber = "LPTENS-77-6",
    doi = "10.1016/0550-3213(77)90384-4",
    journal = "Nucl. Phys. B",
    volume = "126",
    pages = "298--318",
    year = "1977"
}
@article{Dokshitzer:1977sg,
    author = "Dokshitzer, Yuri L.",
    title = "{Calculation of the Structure Functions for Deep Inelastic Scattering and e+ e- Annihilation by Perturbation Theory in Quantum Chromodynamics.}",
    journal = "Sov. Phys. JETP",
    volume = "46",
    pages = "641--653",
    year = "1977"
}

@comment{BibDesk Static Groups{
<?xml version="1.0" encoding="UTF-8"?>
<!DOCTYPE plist PUBLIC "-//Apple//DTD PLIST 1.0//EN" "http://www.apple.com/DTDs/PropertyList-1.0.dtd">
<plist version="1.0">
<array>
	<dict>
		<key>group name</key>
		<string>Experimental Physics</string>
		<key>keys</key>
		<string>Aaboud:2017aca,Sirunyan:2017ezt,Sirunyan:2017ulk,Beaudette:2014cea</string>
	</dict>
	<dict>
		<key>group name</key>
		<string>ML</string>
		<key>keys</key>
		<string>heuniform,relu,tzeng2005opening,bishop2006,adam</string>
	</dict>
	<dict>
		<key>group name</key>
		<string>ML in HEP</string>
		<key>keys</key>
		<string>Andreassen:2018apy,Baldi:2014kfa,Baldi:2014pta,Barberio:2017ngd,Bhimji:2017qvb,Brehmer:2018eca,Brehmer:2018kdj,Butter:2017cot,Chang:2017kvc,Cheng:2017rdo,Cogan:2014oua,Collins:2018epr,DAgnolo:2018cun,Datta:2017lxt,Datta:2017rhs,deOliveira:2015xxd,deOliveira:2017pjk,deOliveira:2017rwa,DeSimone:2018efk,Dreyer:2018nbf,Duarte:2018ite,Egan:2017ojy,Fraser:2018ieu,Guest:2016iqz,Kasieczka:2017nvn,Komiske:2016rsd,Komiske:2017ubm,Lin:2018cin,Luo:2017ncs,Macaluso:2018tck,Moore:2018lsr,Paganini:2017dwg,Paganini:2017hrr,Pearkes:2017hku,Roxlo:2018adx,Santos:2016kno,Hajer:2018kqm,Searcy:2015apa,Barnard:2016qma,Gallicchio:2010dq,Gallicchio:2011xq,Almeida:2015jua,Baldi:2016fql,Louppe:2017ipp,Aguilar-Saavedra:2017rzt</string>
	</dict>
	<dict>
		<key>group name</key>
		<string>Reviews</string>
		<key>keys</key>
		<string>Albertsson:2018maf,Larkoski:2017jix,Guest:2018yhq,Radovic:2018dip</string>
	</dict>
	<dict>
		<key>group name</key>
		<string>Theoretical Physics</string>
		<key>keys</key>
		<string>Chang:2013rca,Komiske:2017aww,Larkoski:2013eya,Larkoski:2014pca,Moult:2016cvt,Pumplin:1991kc,Thaler:2010tr,Thaler:2011gf,Chien:2018dfn,Frye:2017yrw,Gallicchio:2012ez,Cacciari:2008gp,Krohn:2012fg,Larkoski:2014wba</string>
	</dict>
	<dict>
		<key>group name</key>
		<string>Tools</string>
		<key>keys</key>
		<string>Cacciari:2011ma,Sjostrand:2006za,Sjostrand:2014zea,Sjostrand:2007gs,keras,scikit-learn,tensorflow,bishop2006,stone:1948gen,numpy</string>
	</dict>
</array>
</plist>
}}
