@book{Gelfand:105396,
      author        = "Gelfand, I M and Shilov, Georgi E and Graev, M I and
                       Vilenkin, N Y and Pyatetskii-Shapiro, I I",
      title         = "{Generalized functions}",
      publisher     = "Academic Press",
      address       = "New York, NY",
      series        = "AMS Chelsea Publishing",
      year          = "1964",
      url           = "https://cds.cern.ch/record/105396",
      note          = "Trans. from the Russian, Moscow, 1958",
}